,2011-03-31,2011-06-30,2011-09-30,2011-12-31,2012-03-31,2012-06-30,2012-09-30,2012-12-31,2013-03-31,2013-06-30,2013-09-30,2013-12-31,2014-03-31,2014-06-30,2014-09-30,2014-12-31,2015-03-31,2015-06-30,2015-09-30,2015-12-31,2016-03-31,2016-06-30,2016-09-30,2016-12-31,2017-03-31
AdjustmentsToAdditionalPaidInCapitalSharebasedCompensationRequisiteServicePeriodRecognitionValue,1790000.000,,,,2155000.000,,,,2310000.000,,,,2400000.000,,,,2423000.000,,,,3575000.000,,,,4503000.000
AdjustmentsToAdditionalPaidInCapitalTaxEffectFromShareBasedCompensation,1592000.000,,,,1283000.000,,,,483000.000,,,,-163000.000,,,,2697000.000,,,,,,,,
AdjustmentsToReconcileNetIncomeLossToCashProvidedByUsedInOperatingActivities,50302000.000,,,,19372000.000,,,,4299000.000,,,,-673000.000,,,,-51737000.000,,,,62514000.000,,,,8033000.000
AdvertisingExpense,5506000.000,7539000.000,5235000.000,8333000.000,4755000.000,8566000.000,3680000.000,4585000.000,5250000.000,9720000.000,4273000.000,4552000.000,4941000.000,8356000.000,4885000.000,4001000.000,3718000.000,7389000.000,3574000.000,1299000.000,3047000.000,6712000.000,3540000.000,3148000.000,3972000.000
AllocatedShareBasedCompensationExpense,1790000.000,2556000.000,2109000.000,2146000.000,2155000.000,2801000.000,2429000.000,2429000.000,2310000.000,3292000.000,2749000.000,2752000.000,2400000.000,3245000.000,2701000.000,2707000.000,,4041000.000,3710000.000,,3575000.000,4761000.000,4191000.000,,4503000.000
AntidilutiveSecuritiesExcludedFromComputationOfEarningsPerShareAmount,,8.000,54.000,,16.000,42000.000,41000.000,-54016.000,16000.000,16000.000,0.000,-24000.000,0.000,0.000,16000.000,-12000.000,0.000,0.000,0.000,0.000,,,,,
AssetImpairmentCharges,,,,,,,,,,,,,,,,,9807000.000,1313000.000,0.000,-640000.000,0.000,0.000,0.000,0.000,
AvailableForSaleSecuritiesGrossRealizedGainLossNet,,,,,,,,,0.000,,,,,,,,,,,,,,,,
AvailableForSaleSecuritiesGrossUnrealizedGains,,,,,,,,,,,,,49000.000,,,,15000.000,,,,2000.000,,,,
AvailableForSaleSecuritiesGrossUnrealizedLoss,,,,,,,,,,,,,5000.000,,,,6000.000,,,,0.000,,,,
CashAndCashEquivalentsPeriodIncreaseDecrease,42976000.000,,,,23340000.000,,,,-37112000.000,,,,-12237000.000,,,,-47868000.000,,,,49310000.000,,,,17816000.000
CommonStockDividendsPerShareDeclared,,0.150,0.150,,0.150,0.170,0.170,,0.170,0.170,0.170,,0.170,0.190,0.190,,0.190,0.220,0.220,,0.220,0.250,0.250,,0.250
CommonStockDividendsShares,,,,,,,,,,,,,,,,,,,,,,,,,0.000
ComprehensiveIncomeNetOfTax,8800000.000,,,,,,,,,,,,,,,,,,,,,,,,
ComprehensiveIncomeNetOfTaxIncludingPortionAttributableToNoncontrollingInterest,,,,,13919000.000,5620000.000,11464000.000,9391000.000,13189000.000,3453000.000,10108000.000,5295000.000,9561000.000,1906000.000,8368000.000,8143000.000,13789000.000,7309000.000,11955000.000,6334000.000,,,,,
DeferredIncomeTaxExpenseBenefit,2012000.000,,,,5341000.000,,,,3252000.000,,,,6387000.000,,,,5594000.000,,,,4978000.000,,,,3728000.000
DepreciationAndAmortization,3948000.000,3601000.000,3786000.000,3883000.000,4212000.000,4465000.000,4659000.000,4914000.000,5145000.000,5245000.000,5302000.000,5372000.000,5234000.000,5291000.000,5302000.000,5560000.000,5285000.000,4590000.000,4487000.000,4203000.000,4271000.000,4176000.000,4047000.000,4150000.000,4254000.000
DepreciationDepletionAndAmortization,3948000.000,,,,4212000.000,,,,5135000.000,,,,5260000.000,,,,,,,,,,,,
DividendsCommonStock,-3971000.000,,,,3899000.000,,,,4349000.000,,,,-4351000.000,,,,-4844000.000,,,,-4652000.000,,,,
DividendsCommonStockCash,,,,,,,,,,,,,,,,,,,,,,,,,-5272000.000
EarningsPerShareBasic,0.330,0.250,0.160,0.420,0.540,0.220,0.450,0.360,0.510,0.140,0.390,0.210,0.370,0.070,0.330,0.280,0.540,0.290,0.480,0.270,1.530,0.450,0.660,0.460,1.690
EarningsPerShareDiluted,0.330,0.250,0.160,0.420,0.540,0.220,0.450,0.350,0.510,0.140,0.390,0.210,0.370,0.070,0.330,0.280,0.540,0.290,0.480,0.270,1.530,0.450,0.660,0.450,1.690
ExcessTaxBenefitFromShareBasedCompensationFinancingActivities,1711000.000,,,,1401000.000,,,,665000.000,,,,78000.000,,,,2929000.000,,,,0.000,,,,
GeneralAndAdministrativeExpense,21893000.000,17023000.000,18912000.000,17517000.000,22078000.000,18494000.000,21122000.000,15870000.000,21986000.000,20039000.000,20567000.000,19107000.000,22732000.000,21116000.000,20295000.000,18475000.000,24055000.000,20332000.000,19191000.000,20681000.000,23784000.000,21254000.000,21318000.000,20337000.000,26192000.000
GoodwillAndIntangibleAssetImpairment,,,,,,,,,,,,,,2485000.000,0.000,,,,,,,,,,
GrossProfit,90959000.000,83841000.000,87029000.000,89946000.000,103004000.000,87294000.000,98420000.000,93503000.000,108118000.000,97746000.000,97409000.000,89978000.000,106176000.000,95453000.000,100817000.000,101359000.000,129860000.000,104219000.000,106743000.000,97045000.000,150016000.000,113259000.000,117796000.000,110539000.000,159346000.000
ImpairmentOfLongLivedAssetsToBeDisposedOf,,,,,,,,,,,,,,,,,9807000.000,1300000.000,1300000.000,,,,,,
IncomeLossFromContinuingOperationsBeforeIncomeTaxesMinorityInterestAndIncomeLossFromEquityMethodInvestments,15413000.000,11704000.000,6838000.000,16820000.000,23334000.000,9591000.000,19279000.000,16086000.000,22087000.000,7612000.000,17137000.000,6896000.000,16612000.000,3450000.000,14503000.000,13062000.000,23527000.000,12177000.000,19955000.000,9960000.000,52705000.000,15666000.000,22480000.000,14326000.000,53334000.000
IncomeTaxExpenseBenefit,6627000.000,4963000.000,2739000.000,5976000.000,9450000.000,3970000.000,7827000.000,6641000.000,8914000.000,4124000.000,7055000.000,1607000.000,7048000.000,1559000.000,6118000.000,4898000.000,9740000.000,4863000.000,8005000.000,3621000.000,20012000.000,5953000.000,8415000.000,4806000.000,17706000.000
IncreaseDecreaseInAccountsPayableTrade,-681000.000,,,,-1648000.000,,,,-1458000.000,,,,-87000.000,,,,-1613000.000,,,,-168000.000,,,,353000.000
IncreaseDecreaseInAccountsReceivable,13955000.000,,,,5028000.000,,,,10814000.000,,,,12390000.000,,,,84662000.000,,,,34703000.000,,,,-6149000.000
IncreaseDecreaseInAccruedSalaries,56563000.000,,,,14523000.000,,,,18645000.000,,,,13510000.000,,,,31168000.000,,,,105739000.000,,,,1974000.000
IncreaseDecreaseInHealthCareInsuranceLiabilities,1871000.000,,,,-227000.000,,,,-6458000.000,,,,20605000.000,,,,7260000.000,,,,-5906000.000,,,,-2317000.000
IncreaseDecreaseInIncomeTaxes,,,,,2167000.000,,,,538000.000,,,,-8872000.000,,,,-3983000.000,,,,10556000.000,,,,13617000.000
IncreaseDecreaseInOtherCurrentAssets,,,,,41000.000,,,,4108000.000,,,,7175000.000,,,,3432000.000,,,,11313000.000,,,,3543000.000
IncreaseDecreaseInOtherEmployeeRelatedLiabilities,6467000.000,,,,9339000.000,,,,4977000.000,,,,-1619000.000,,,,326000.000,,,,-3038000.000,,,,2081000.000
IncreaseDecreaseInOtherOperatingAssets,1965000.000,,,,3570000.000,,,,3109000.000,,,,2990000.000,,,,1642000.000,,,,3804000.000,,,,7641000.000
IncreaseDecreaseInPrepaidExpense,-593000.000,,,,3362000.000,,,,1267000.000,,,,24155000.000,,,,15359000.000,,,,4137000.000,,,,56000.000
IncreaseDecreaseInRestrictedCash,-397000.000,,,,,,,,,,,,,,,,,,,,,,,,
IncreaseDecreaseInWorkersCompensationLiabilities,2329000.000,,,,547000.000,,,,418000.000,,,,2837000.000,,,,5360000.000,,,,8761000.000,,,,5555000.000
IncrementalCommonSharesAttributableToShareBasedPaymentArrangements,,,,,,,,,,,,,,,,,,,,,,,,,101000.000
InterestExpense,,,,,,,,,,,,,,,,,,,,,637000.000,650000.000,628000.000,481000.000,623000.000
InterestIncomeExpenseNet,,,245000.000,,,,,,,,,,,,,,,,,,,,,,
InterestIncomeExpenseNonoperatingNet,,,,,164000.000,156000.000,142000.000,147000.000,69000.000,60000.000,26000.000,3000.000,47000.000,24000.000,9000.000,26000.000,7000.000,-8000.000,3000.000,31000.000,,,,,
InterestIncomeOther,,,,,,,,,,,,,,,,,,,,,299000.000,293000.000,335000.000,340000.000,465000.000
InvestmentIncomeInterest,284000.000,304000.000,,,,,,,,,,,,,,,,,,,,,,,
InvestmentIncomeNetAmortizationOfDiscountAndPremium,-507000.000,,,,-657000.000,,,,-441000.000,,,,-510000.000,,,,-316000.000,,,,-31000.000,,,,-19000.000
LineOfCreditFacilityInterestRateDuringPeriod,,,,,,,,,,,,,,,,,,,,,0.022,,,,0.025
LineOfCreditFacilityUnusedCapacityCommitmentFeePercentage,,,,,0.003,,,,,,,,,,,,,,,,0.003,,,,0.003
LossContingencyAccrualProvision,,,,,,,,,,,,,,,,,,,,,,,,,0.000
LossContingencyUndiscountedAmountOfInsuranceRelatedAssessmentLiability,,,,,120100000.000,,,,,,,,,,,,,,,,,,,,
NetCashProvidedByUsedInFinancingActivities,-2599000.000,,,,-4688000.000,,,,-16834000.000,,,,-17676000.000,,,,-6975000.000,,,,-48972000.000,,,,-14271000.000
NetCashProvidedByUsedInFinancingActivitiesContinuingOperations,-2599000.000,,,,-4688000.000,,,,-16834000.000,,,,-17676000.000,,,,-6975000.000,,,,-48972000.000,,,,-14271000.000
NetCashProvidedByUsedInInvestingActivities,-13513000.000,,,,-5228000.000,,,,-37750000.000,,,,-3452000.000,,,,-2943000.000,,,,3075000.000,,,,-11574000.000
NetCashProvidedByUsedInInvestingActivitiesContinuingOperations,-13513000.000,,,,-5228000.000,,,,-37750000.000,,,,-3452000.000,,,,-2943000.000,,,,3075000.000,,,,-11574000.000
NetCashProvidedByUsedInOperatingActivities,59088000.000,,,,33256000.000,,,,17472000.000,,,,8891000.000,,,,-37950000.000,,,,95207000.000,,,,43661000.000
NetCashProvidedByUsedInOperatingActivitiesContinuingOperations,59088000.000,,,,33256000.000,,,,17472000.000,,,,8891000.000,,,,-37950000.000,,,,95207000.000,,,,43661000.000
NetIncomeLoss,8786000.000,6741000.000,4099000.000,10844000.000,13884000.000,5621000.000,11452000.000,9445000.000,13173000.000,3488000.000,10082000.000,5289000.000,9564000.000,1891000.000,8385000.000,8164000.000,13787000.000,7314000.000,11950000.000,6339000.000,32693000.000,9713000.000,14065000.000,9520000.000,35628000.000
NetIncomeLossAvailableToCommonStockholdersBasic,,,,,,,,,,,,,,,,,,,,,,,,,34847000.000
NonoperatingIncomeExpense,,,,,,176000.000,139000.000,,,,,,,,,,,,,,,,,,
OperatingExpenses,75830000.000,72441000.000,72935000.000,73255000.000,79958000.000,77879000.000,79280000.000,77610000.000,86109000.000,87518000.000,80297000.000,83104000.000,89585000.000,92039000.000,86357000.000,88350000.000,106340000.000,92002000.000,86807000.000,87019000.000,96973000.000,97236000.000,95023000.000,96072000.000,105854000.000
OperatingIncomeLoss,15129000.000,11400000.000,14094000.000,16691000.000,23046000.000,9415000.000,19140000.000,15893000.000,22009000.000,10228000.000,17112000.000,6874000.000,16591000.000,3414000.000,14460000.000,13009000.000,23520000.000,12217000.000,19936000.000,10026000.000,53043000.000,16023000.000,22773000.000,14467000.000,53492000.000
OtherComprehensiveIncomeUnrealizedHoldingGainLossOnSecuritiesArisingDuringPeriodNetOfTax,14000.000,,,,35000.000,-1000.000,12000.000,-54000.000,16000.000,-35000.000,26000.000,6000.000,-3000.000,15000.000,-17000.000,-21000.000,2000.000,-5000.000,5000.000,-5000.000,,,,,
OtherNonoperatingIncomeExpense,,,-7501000.000,,124000.000,20000.000,-3000.000,46000.000,9000.000,-2676000.000,-1000.000,19000.000,-26000.000,12000.000,34000.000,27000.000,0.000,-32000.000,16000.000,-97000.000,,,,,
ParticipatingSecuritiesDistributedAndUndistributedEarnings,,,,,,,,,383000.000,124000.000,289000.000,120000.000,282000.000,139000.000,243000.000,1338000.000,,,,,,,,,
ParticipatingSecuritiesDistributedAndUndistributedEarningsLossDiluted,,,,,,,,,,,,,,,,,355000.000,179000.000,303000.000,,664000.000,229000.000,330000.000,,781000.000
PaymentsForRepurchaseOfCommonStock,3089000.000,,,,3253000.000,,,,,,,,,,,,,,,,144263000.000,,,,0.000
PaymentsOfDividendsCommonStock,3971000.000,,,,3899000.000,,,,4349000.000,,,,4351000.000,,,,4844000.000,,,,4652000.000,,,,5272000.000
PaymentsToAcquireBusinessesGross,10800000.000,,,,1200000.000,,,,,,,,,,,,,,,,,,,,
PaymentsToAcquireMarketableSecurities,5154000.000,,,,1443000.000,,,,40046000.000,,,,7668000.000,,,,3964000.000,,,,103000.000,,,,711000.000
PaymentsToAcquirePropertyPlantAndEquipment,3326000.000,,,,3435000.000,,,,2843000.000,,,,2379000.000,,,,2423000.000,,,,4880000.000,,,,11567000.000
ProceedsFromBankDebt,,,,,,,,,,,,,,,,,,,,,124400000.000,,,,0.000
ProceedsFromPaymentsForOtherFinancingActivities,216000.000,,,,260000.000,,,,230000.000,,,,318000.000,,,,285000.000,,,,311000.000,,,,318000.000
ProceedsFromSaleAndMaturityOfMarketableSecurities,4402000.000,,,,850000.000,,,,1001000.000,,,,6595000.000,,,,2620000.000,,,,790000.000,,,,704000.000
ProceedsFromStockOptionsExercised,2534000.000,,,,803000.000,,,,118000.000,,,,163000.000,,,,374000.000,,,,0.000,,,,
RepaymentsOfLinesOfCredit,,,,,,,,,,,,,,,,,,,,,20000000.000,,,,0.000
Revenues,536381000.000,472903000.000,471821000.000,495114000.000,595177000.000,519256000.000,511953000.000,532438000.000,611836000.000,547274000.000,539869000.000,557133000.000,636999000.000,564621000.000,560303000.000,595865000.000,699479000.000,627838000.000,626286000.000,650011000.000,802408000.000,707332000.000,702538000.000,729069000.000,882664000.000
SalesCommissionsAndFees,3096000.000,3255000.000,3399000.000,3701000.000,3435000.000,3506000.000,3358000.000,4216000.000,3207000.000,3533000.000,3609000.000,4232000.000,3246000.000,3717000.000,3790000.000,4532000.000,4304000.000,4103000.000,4516000.000,5556000.000,4281000.000,4335000.000,5030000.000,5642000.000,4476000.000
SalesRevenueNet,536381000.000,472903000.000,471821000.000,495114000.000,595177000.000,519256000.000,511953000.000,532438000.000,611836000.000,547274000.000,539869000.000,557133000.000,636999000.000,564621000.000,560303000.000,595865000.000,699479000.000,627838000.000,626286000.000,650011000.000,802408000.000,707332000.000,702538000.000,729069000.000,882664000.000
ShareBasedCompensation,1790000.000,,,,2155000.000,,,,2310000.000,,,,2400000.000,,,,2423000.000,,,,,,,,
ShareBasedCompensationArrangementByShareBasedPaymentAwardEquityInstrumentsOtherThanOptionsForfeituresWeightedAverageGrantDateFairValue,,,,,,,,,,,,,,,,,,,,,52.800,,,,
ShareBasedCompensationArrangementByShareBasedPaymentAwardEquityInstrumentsOtherThanOptionsGrantsInPeriodWeightedAverageGrantDateFairValue,,,,,,,,,,,,,,,,,,,,,59.130,,,,
ShareBasedCompensationArrangementByShareBasedPaymentAwardEquityInstrumentsOtherThanOptionsVestedInPeriodWeightedAverageGrantDateFairValue,,,,,,,,,,,,,,,,,,,,,0.000,,,,
SharesPaidForTaxWithholdingForShareBasedCompensation,,,,,105923.000,,,,115558.000,,,,111272.000,,,,113050.000,,,,100266.000,,,,86087.000
StockIssuedDuringPeriodValueStockOptionsExercised,2534000.000,,,,803000.000,,,,118000.000,,,,163000.000,,,,374000.000,,,,,,,,
StockRepurchasedAndRetiredDuringPeriodValue,,,,,,,,,,,,,,,,,,,,,-144263000.000,,,,
StockRepurchasedDuringPeriodShares,,,,,0.000,,,,,,,,,,,,,,,,,,,,
StockholdersEquityOther,216000.000,,,,260000.000,,,,-230000.000,,,,-318000.000,,,,-285000.000,,,,-312000.000,,,,-320000.000
TreasuryStockSharesAcquired,,,,,,,,,356653.000,,,,358184.000,,,,0.000,,,,0.000,,,,28481.000
TreasuryStockValueAcquiredCostMethod,-3089000.000,,,,-3253000.000,,,,13498000.000,,,,-13884000.000,,,,-5719000.000,,,,-4768000.000,,,,-9317000.000
UndistributedEarnings,,6542000.000,3979000.000,,13482000.000,5459000.000,11118000.000,9119000.000,12790000.000,,,,,,,,,,,,,,,,
UndistributedEarningsAllocatedToParticipatingSecurities,,199000.000,120000.000,,-402000.000,-162000.000,334000.000,,,,,,,,,,,,,,,,,,
WeightedAverageNumberOfDilutedSharesOutstanding,,,,,,,,,,,,,,,,,,,,,,,,,20666000.000
WeightedAverageNumberOfSharesOutstandingBasic,,25726.000,25425.000,,25087.000,25095000.000,24923000.000,-25036087.000,24897000.000,24820000.000,24849000.000,-49716000.000,24823000.000,24770000.000,24650000.000,-49535000.000,24716000.000,24766000.000,24030000.000,-49204000.000,20972000.000,20869000.000,20843000.000,-41850000.000,20565000.000
