,2013-06-30,2014-03-31,2014-06-30,2014-09-30,2014-12-31,2015-03-31,2015-06-30,2015-09-30,2015-12-31,2016-03-31,2016-06-30
AdjustmentsToAdditionalPaidInCapitalConvertibleDebtWithConversionFeature,,172908.000,,,,,,,,,
AdjustmentsToAdditionalPaidInCapitalStockSplit,,1.000,,,,,,,,,
AllocatedShareBasedCompensationExpense,,0.000,,,,,22500.000,22500.000,,,
AmortizationOfDebtDiscountPremium,,298173.000,,,,480338.000,,,,310043.000,270128.000
CashAndCashEquivalentsPeriodIncreaseDecrease,,,,,,,,,,-1450.000,
CashPeriodIncreaseDecrease,,-2085.000,,,,7851.000,,,,,
CommunicationsAndInformationTechnology,4495.000,,,,,,,,,,
CostOfRevenue,,3010.000,17863.000,13988.000,49800.000,1068.000,836.000,537517.000,229787.000,19842.000,6827.000
DebtConversionOriginalDebtAmount1,,,,,,,,,,101785.000,
Depreciation,,3500.000,3500.000,3500.000,3500.000,3500.000,3500.000,4117.000,4425.000,4425.000,4425.000
DerivativeGainLossOnDerivativeNet,,166080.000,,,,-9942205.000,-7126383.000,7400658.000,1397085.000,3866187.000,2828704.000
DerivativeLossOnDerivative,113266.000,-166080.000,6987.000,513535.000,170557.000,,,,,,
EarningsPerShareBasic,,,,,,,,,,0.010,0.000
EarningsPerShareBasicAndDiluted,-0.010,-0.520,-0.160,-0.060,0.560,-0.050,-0.030,0.020,0.020,,
EarningsPerShareDiluted,,,,,,,,,,0.000,0.000
FairValueAssumptionsExpectedDividendRate,,0.000,,,,0.000,,,,0.000,
FairValueAssumptionsExpectedVolatilityRate,,4.634,,,,,,,,,
FairValueAssumptionsRiskFreeInterestRate,,0.001,,,,,,,,,
FairValueLiabilitiesMeasuredOnRecurringBasisChangeInUnrealizedGainLoss,,,,,,9942205.000,,,,-3866187.000,
FairValueMeasurementWithUnobservableInputsReconciliationLiabilityTransfersIntoLevel3,,,,,,721575.000,,,,260000.000,
FairValueMeasurementWithUnobservableInputsReconciliationLiabilityTransfersOutOfLevel3,,,,,,244784.000,,,,-77942.000,
GainsLossesOnExtinguishmentOfDebt,,,,,,,,,,-15120.000,
GainsLossesOnRestructuringOfDebt,-118726.000,45830.000,-583971.000,67661.000,-121825.000,-19761.000,31616.000,8963.000,81007.000,5880.000,1951.000
GeneralAndAdministrativeExpense,556394.000,,,,,,,,,,
GrossProfit,,-717.000,9012.000,-8296.000,24860.000,-329.000,-3.000,347154.000,-217594.000,36826.000,-3403.000
IncomeLossFromContinuingOperations,,-551278.000,-2488327.000,-655869.000,-500455.000,-498064.000,-459034.000,-376637.000,-1093510.000,-476872.000,-515748.000
IncomeLossFromContinuingOperationsBeforeIncomeTaxesExtraordinaryItemsNoncontrollingInterest,,-754315.000,-3927394.000,-1567054.000,-687171.000,-11126979.000,-8005367.000,6340466.000,-478531.000,2964557.000,1824528.000
IncomeTaxesPaid,,,,,,0.000,,,,0.000,
IncreaseDecreaseInAccountsPayableAndAccruedLiabilities,,157749.000,,,,-19394.000,,,,165356.000,
IncreaseDecreaseInAccountsReceivable,,,,,,-8014.000,,,,12407.000,
IncreaseDecreaseInDerivativeLiabilities,,124501.000,,,,,,,,,
IncreaseDecreaseInInterestPayableNet,,49707.000,,,,72071.000,,,,437130.000,
IncreaseDecreaseInInventories,,-1798.000,,,,5456.000,,,,-17026.000,
IncreaseDecreaseInPrepaidDeferredExpenseAndOtherAssets,,-4313.000,,,,,,,,,
IncreaseDecreaseInPrepaidExpense,,,,,,-8052.000,,,,-21109.000,
IncreaseDecreaseInPrepaidExpensesOther,,-202467.000,,,,-25942.000,,,,,
InterestExpense,75485.000,414947.000,848109.000,465311.000,-105666.000,666949.000,451566.000,692518.000,910170.000,764487.000,712795.000
InterestExpenseDebt,,,,,,28460.000,,,,,
InterestPaid,,36477.000,,,,70187.000,,,,15430.000,
IssuanceOfStockAndWarrantsForServicesOrClaims,,35000.000,,,,600.000,,,,,
LaborAndRelatedExpense,59051.000,,,,,,,,,,
LegalFees,210557.000,,,,,,,,,,
MarketingAndAdvertisingExpense,51652.000,,,,,,,,,,
NetCashProvidedByUsedInFinancingActivities,,211433.000,,,,570737.000,,,,363227.000,
NetCashProvidedByUsedInFinancingActivitiesContinuingOperations,,211433.000,,,,570737.000,,,,363227.000,
NetCashProvidedByUsedInInvestingActivities,,,,,,,,,,-45000.000,
NetCashProvidedByUsedInInvestingActivitiesContinuingOperations,,,,,,,,,,-45000.000,
NetCashProvidedByUsedInOperatingActivities,,-213518.000,,,,-562886.000,,,,-319677.000,
NetCashProvidedByUsedInOperatingActivitiesContinuingOperations,,-213518.000,,,,-562886.000,,,,-319677.000,
NetIncomeLoss,-863871.000,-754315.000,,,,,,,,,
NonoperatingIncomeExpense,,,,,,,,,,,2340276.000
NotesAssumed1,,60000.000,,,,,,,,,
OperatingExpenses,,550561.000,2497339.000,647573.000,525315.000,497735.000,459031.000,723791.000,875916.000,513698.000,512345.000
OtherExpenses,307477.000,,,,,,,,,,
OtherGeneralExpense,27894.000,,,,,,,,,,
OtherNonoperatingIncomeExpense,,-203037.000,-1439067.000,-911185.000,,-10628915.000,-7546333.000,6717103.000,,3441429.000,
PaymentsToAcquireNotesReceivable,,,,,,,,,,70000.000,
ProceedsFromContributionsFromAffiliates,,,,,,11000.000,,,,17727.000,
ProceedsFromConvertibleDebt,,251000.000,,,,758587.000,,,,260000.000,
ProceedsFromNotesPayable,,30000.000,,,,,,,,128722.000,
ProceedsFromSaleAndCollectionOfNotesReceivable,,,,,,,,,,-25000.000,
ProfessionalFees,58699.000,,,,,124875.000,,,,,
ProfitLoss,,-754315.000,-3927394.000,-1567054.000,-687171.000,-11126979.000,-8005367.000,6340466.000,-478531.000,2964557.000,1824528.000
RepaymentsOfConvertibleDebt,,64567.000,,,,193850.000,,,,,
RepaymentsOfDebt,,5000.000,,,,5000.000,,,,,
RepaymentsOfNotesPayable,,,,,,,,,,43222.000,
ResearchAndDevelopmentExpense,73546.000,1290.000,7332.000,93268.000,-70006.000,2412.000,3981.000,36634.000,74288.000,17222.000,4210.000
Revenues,,2293.000,26875.000,5692.000,74660.000,739.000,833.000,884671.000,12193.000,56668.000,3424.000
SalariesAndWages,70500.000,,,,,,,,,,
SalesRevenueNet,,2293.000,26875.000,5692.000,74660.000,739.000,833.000,884671.000,12193.000,56668.000,3424.000
SellingGeneralAndAdministrativeExpense,,545771.000,2486507.000,550805.000,591821.000,491823.000,451550.000,683040.000,647203.000,492051.000,503710.000
WeightedAverageNumberDilutedSharesOutstandingAdjustment,,,,,,,,,,3423766944.000,1196556159.000
WeightedAverageNumberOfDilutedSharesOutstanding,,,,,,,,,,3860333799.000,1656720994.000
WeightedAverageNumberOfShareOutstandingBasicAndDiluted,89054506.000,1448401.000,24365186.000,25635511.000,-12506588.000,226639181.000,279277078.000,372504281.000,-555864820.000,,
WeightedAverageNumberOfSharesOutstandingBasic,,,,,,,,,,436566855.000,460164835.000
