,2011-06-30,2011-09-30,2012-03-31,2012-06-30,2012-09-30,2012-12-31,2013-03-31,2013-06-30,2013-09-30,2013-12-31,2014-03-31,2014-06-30,2014-09-30,2014-12-31,2015-03-31,2015-06-30,2015-09-30,2015-12-31,2016-03-31,2016-06-30,2016-09-30,2016-12-31,2017-03-31
AllocatedShareBasedCompensationExpense,,,,,,,145794.000,,,,47000.000,,,,,,,,,2217000.000,1365000.000,,1371000.000
AmortizationOfDebtDiscountPremium,,,,,,,,,,,,,,,1481000.000,1501000.000,1521000.000,1540000.000,1562000.000,1582000.000,1604000.000,1624000.000,1647000.000
AmortizationOfFinancingCosts,,,,,,,,,,,,,,,211000.000,211000.000,211000.000,211000.000,211000.000,211000.000,211000.000,211000.000,211000.000
AmortizationOfFinancingCostsAndDiscounts,,,,,,,,,,,,,,,,,,,1725000.000,,,,1882000.000
AmortizationOfIntangibleAssets,,,,,,,,12500.000,247727.000,,600000.000,600000.000,1000000.000,1100000.000,1200000.000,1200000.000,1900000.000,1900000.000,4400000.000,5700000.000,5700000.000,5600000.000,6400000.000
AntidilutiveSecuritiesExcludedFromComputationOfEarningsPerShareAmount,,,,,,,,253420.000,909792.000,,700000.000,1100000.000,700000.000,2200000.000,4600000.000,4600000.000,4500000.000,-9200000.000,4500000.000,4500000.000,4500000.000,-9000000.000,4600000.000
BusinessAcquisitionsProFormaNetIncomeLoss,,,,,,,,-3352015.000,1691720.000,,,,,,,,,,,,,,
BusinessAcquisitionsProFormaRevenue,,,,,,,,6151539.000,7836222.000,,,,,,,,,,,,,,
CapitalExpendituresIncurredButNotYetPaid,,,,,,,,,,,,,,,,,,,85000.000,,,,78000.000
CashAndCashEquivalentsPeriodIncreaseDecrease,,,,,,,,,,,40268000.000,,,,-3474000.000,,,,-76937000.000,,,,-16540000.000
CostOfRevenue,,,,,,,,2098540.000,2629119.000,,2622000.000,2117000.000,3061000.000,3673000.000,2751000.000,3141000.000,3260000.000,3540000.000,3410000.000,11795000.000,16669000.000,16906000.000,16386000.000
CostsAndExpenses,13145945.000,13210991.000,7045935.000,7378233.000,5445349.000,5602801.000,3087549.000,9926373.000,7025931.000,9144147.000,7404000.000,9107000.000,9188000.000,10265000.000,9232000.000,11102000.000,11521000.000,11767000.000,14889000.000,26143000.000,30604000.000,36907000.000,32003000.000
DeferredIncomeTaxesAndTaxCredits,,,,,,,,,,,,,,,294000.000,,,,-81000.000,,,,-735000.000
Depreciation,,,,,,,,134023.000,133972.000,,137000.000,146000.000,153000.000,161000.000,200000.000,200000.000,200000.000,100000.000,200000.000,200000.000,200000.000,300000.000,300000.000
DepreciationDepletionAndAmortization,40519.000,35670.000,30866.000,30933.000,25749.000,171398.000,166386.000,146523.000,381699.000,415392.000,703000.000,706000.000,1187000.000,1282000.000,1327000.000,1415000.000,2047000.000,2111000.000,4609000.000,5956000.000,5966000.000,5812000.000,6706000.000
DiscontinuedOperationGainLossOnDisposalOfDiscontinuedOperationNetOfTax,,,,,,,,0.000,150337.000,,,,,,,,,,,,,,
DiscontinuedOperationProvisionForLossGainOnDisposalNetOfTax,,,,,,,,0.000,-150337.000,,,,0.000,,,,,,,,,,
DiscontinuedOperationTaxEffectOfIncomeLossFromDisposalOfDiscontinuedOperation,,,,,,,,,82852.000,,,,,,,,,,,,,,
DividendsPreferredStock,,,,,,,,,,,0.000,,,,,,,,,,,,
EarningsPerShareBasic,-0.160,,,,,,,,,,0.330,-0.210,0.590,1.900,0.380,0.310,0.400,0.250,0.120,0.100,0.220,-0.100,0.100
EarningsPerShareBasicAndDiluted,,-0.120,-0.090,-0.360,-0.270,,-0.090,-6.020,0.130,5.060,,,,,,,,,,,,,
EarningsPerShareDiluted,-0.160,,,,,,,,,,0.330,-0.210,0.590,1.880,0.380,0.310,0.390,0.240,0.120,0.100,0.220,-0.100,0.100
EffectiveIncomeTaxRateContinuingOperations,,,,,,,,,,,0.046,0.053,0.186,-0.769,0.368,0.370,0.194,-0.639,0.534,0.522,0.496,-1.005,0.312
ExcessTaxBenefitFromShareBasedCompensationFinancingActivities,,,,,,,,,,,107000.000,,,,9000.000,,,,1000.000,,,,0.000
FairValueInputsDiscountRate,,,,,,,,,,,0.150,,,,0.150,,,,0.150,,,,0.150
FairValueOptionChangesInFairValueGainLoss,-1753000.000,463000.000,-3210338.000,,,,,,,,,,,,,,,,,,,,
FairValueOptionChangesInFairValueGainLoss1,,,,15953.000,-843412.000,,-285329.000,,,,,,,,,,,,,,,,
FreightCosts,,,,,,,,72777.000,81416.000,,,,,,,,,,,,,,
GainLossOnDispositionOfIntangibleAssets,,,,,,,1000000.000,,,,,,,,,,,,,,,,
GainLossOnSaleOfPropertyPlantEquipment,,,-432.000,,,,,,,,,,,,,,,,,,,,
GeneralAndAdministrativeExpense,1989103.000,1675268.000,1831852.000,1948995.000,1546864.000,2901812.000,1949114.000,,,,,,,,,,,,,,,,
IncomeLossFromContinuingOperations,,,,,,,,-4583266.000,1040706.000,,3359000.000,-2363000.000,6746000.000,21005000.000,4369000.000,3571000.000,4559000.000,2876000.000,1346000.000,1125000.000,2543000.000,-1080000.000,1152000.000
IncomeLossFromContinuingOperationsBeforeIncomeTaxesExtraordinaryItemsNoncontrollingInterest,,,,,-6243606.000,,,-4583266.000,957854.000,,3524000.000,-2496000.000,8291000.000,10060000.000,6910000.000,5665000.000,5657000.000,3501000.000,2886000.000,2352000.000,5044000.000,-1604000.000,1675000.000
IncomeLossFromContinuingOperationsPerBasicAndDilutedShare,,,,,,,,-6.020,0.110,,,,,,,,,,,,,,
IncomeLossFromContinuingOperationsPerBasicShare,,,,,,,,,,,,,0.590,,,,,,,,,,
IncomeLossFromContinuingOperationsPerDilutedShare,,,,,,,,,,,,,0.590,,,,,,,,,,
IncomeLossFromDiscontinuedOperationsNetOfTaxPerBasicAndDilutedShare,,,,,,,,0.000,0.020,,,,,,,,,,,,,,
IncomeLossFromDiscontinuedOperationsNetOfTaxPerBasicShare,,,,,,,,,,,,,0.000,,,,,,,,,,
IncomeLossFromDiscontinuedOperationsNetOfTaxPerDilutedShare,,,,,,,,,,,,,0.000,,,,,,,,,,
IncomeTaxExpenseBenefit,,,,,-121791.000,,,0.000,82852.000,,165000.000,-133000.000,1545000.000,-10945000.000,2541000.000,2094000.000,1098000.000,625000.000,1540000.000,1227000.000,2501000.000,-524000.000,523000.000
IncomeTaxesPaidNet,,,,,,,,,,,60000.000,,,,6029000.000,,,,1643000.000,,,,4000.000
IncreaseDecreaseInAccountsPayable,,,,,,,,,,,1231000.000,,,,-471000.000,,,,889000.000,,,,1318000.000
IncreaseDecreaseInAccountsPayableAndAccruedLiabilities,,,-1063726.000,,,,-1553257.000,,,,,,,,,,,,,,,,
IncreaseDecreaseInAccountsReceivable,,,,,,,,,,,-1606000.000,,,,74000.000,,,,549000.000,,,,802000.000
IncreaseDecreaseInAccruedIncomeTaxesPayable,,,,,,,,,,,,,,,-3772000.000,,,,,,,,
IncreaseDecreaseInIncomeTaxes,,,,,,,,,,,,,,,,,,,-23000.000,,,,1258000.000
IncreaseDecreaseInInventories,,,,,,,,,,,1572000.000,,,,3219000.000,,,,535000.000,,,,2810000.000
IncreaseDecreaseInOtherOperatingLiabilities,,,,,,,,,,,-209000.000,,,,1000000.000,,,,3955000.000,,,,1161000.000
IncreaseDecreaseInPrepaidDeferredExpenseAndOtherAssets,,,-84227.000,,,,-100928.000,,,,,,,,,,,,,,,,
IncreaseDecreaseInPrepaidExpense,,,,,,,,,,,-14000.000,,,,-437000.000,,,,-201000.000,,,,25000.000
IncreaseDecreaseInRestrictedCash,,,,,,,2260100.000,,,,,,,,,,,,,,,,
IncreaseDecreaseInRoyaltiesPayable,,,,,,,,,,,,,,,,,,,,,,,-2250000.000
IndefinitelivedIntangibleAssetsAcquired,,,,,,,,,,,-12517000.000,,,,,,,,,,,,
InterestCostsCapitalized,,,,,,,,,,,,,,,9000.000,6000.000,11000.000,30000.000,47000.000,54000.000,58000.000,41000.000,100000.000
InterestCostsCapitalizedAdjustment,,,,,,,,,,,,,,,9000.000,6000.000,11000.000,30000.000,47000.000,54000.000,58000.000,75000.000,90000.000
InterestExpense,172000.000,172000.000,124196.000,92047.000,67105.000,64671.000,64671.000,374476.000,0.000,27853.000,0.000,,,,,,,,,,,,
InterestExpenseDebt,,,,,,,,,,,,,,,2761000.000,2784000.000,2799000.000,2799000.000,2804000.000,2817000.000,2835000.000,2838000.000,2846000.000
InterestExpenseDebtExcludingAmortization,,,,,,,,,,,,,,,1078000.000,1078000.000,1078000.000,1078000.000,1078000.000,1078000.000,1078000.000,1078000.000,1078000.000
InterestIncomeExpenseNonoperatingNet,,,,,,,,,,,,3000.000,10000.000,,-2725000.000,-2749000.000,-2766000.000,-2768000.000,-2782000.000,-2830000.000,-2856000.000,-2859000.000,-2932000.000
InterestPaid,,,,,,,,,,,0.000,,,,,,,,,,,,
InvestmentIncomeInterest,,,1992.000,1431.000,1877.000,3239.000,1860.000,,,,,,,,,,,,,,,,
InvestmentIncomeNet,1711.000,1516.000,,,,,,,,,,,,,,,,,,,,,
LeaseAndRentalExpense,,,,,,,,10271.000,11324.000,,17000.000,19000.000,17000.000,17000.000,18000.000,20000.000,19000.000,17000.000,19000.000,20000.000,22000.000,20000.000,
LicensesRevenue,,100000.000,,,,,,,,,,,,,,,,,,,,,
NetCashProvidedByUsedInContinuingOperations,,,-7751502.000,,,,-5405569.000,,,,,,,,,,,,,,,,
NetCashProvidedByUsedInFinancingActivities,,,,,,,,,,,47724000.000,,,,18000.000,,,,-2355000.000,,,,30025000.000
NetCashProvidedByUsedInFinancingActivitiesContinuingOperations,,,,,,,,,,,47724000.000,,,,18000.000,,,,-2355000.000,,,,30025000.000
NetCashProvidedByUsedInInvestingActivities,,,-62189.000,,,,-1260100.000,,,,-12635000.000,,,,-4612000.000,,,,-85551000.000,,,,-53094000.000
NetCashProvidedByUsedInInvestingActivitiesContinuingOperations,,,-62189.000,,,,-1260100.000,,,,-12635000.000,,,,-4612000.000,,,,-85551000.000,,,,-53094000.000
NetCashProvidedByUsedInOperatingActivities,,,-7689313.000,,,,-4145469.000,,,,5179000.000,,,,1120000.000,,,,10969000.000,,,,6529000.000
NetCashProvidedByUsedInOperatingActivitiesContinuingOperations,,,-7689313.000,,,,-4145469.000,,,,5179000.000,,,,1120000.000,,,,10969000.000,,,,6529000.000
NetIncomeLoss,,,,,,,,-4583266.000,1191043.000,,3359000.000,-2363000.000,6746000.000,21005000.000,4369000.000,3571000.000,4559000.000,2876000.000,1346000.000,1125000.000,2543000.000,-1080000.000,1152000.000
NetIncomeLossAttributableToParentDiluted,,,,,,,,,,,3359000.000,-2363000.000,,,,,,,,,,,
NetIncomeLossAvailableToCommonStockholdersBasic,,,-10264477.000,-7344116.000,-6121815.000,-3987331.000,-2290649.000,-6953294.000,1040706.000,3334237.000,3359000.000,-2363000.000,6661000.000,20931000.000,4346000.000,3547000.000,4529000.000,2868000.000,1339000.000,1117000.000,2526000.000,-1069000.000,1141000.000
NetIncomeLossAvailableToCommonStockholdersDiluted,,,,,,,,,,,3325000.000,-2363000.000,6662000.000,20965000.000,4346000.000,-3548000.000,4529000.000,9964000.000,1339000.000,1117000.000,2526000.000,-1069000.000,1141000.000
NoncashOrPartNoncashAcquisitionFixedAssetsAcquired1,,,,,,,,,,,,,,,105000.000,,,,,,,,
OperatingIncomeLoss,,,,,,,,-3774834.000,810291.000,,3495000.000,-2460000.000,8199000.000,10772000.000,9567000.000,8414000.000,8451000.000,6268000.000,5666000.000,5194000.000,7921000.000,1298000.000,4625000.000
OtherNoncashIncomeExpense,,,,,,,,,,,0.000,,,,-1683000.000,,,,,,,,
OtherNonoperatingIncome,13000.000,2000.000,,,,,,,,,,,,,,,,,,,,,
OtherNonoperatingIncomeExpense,,,,,,,,-433956.000,147563.000,,29000.000,-39000.000,82000.000,88000.000,68000.000,0.000,-28000.000,1000.000,2000.000,-12000.000,-21000.000,-43000.000,-18000.000
PaymentsForRepurchaseOfCommonStock,,,,,,,,,,,,,,,,,,,2500000.000,,,,0.000
PaymentsOfStockIssuanceCosts,,,,,,,,,,,3300000.000,,,,,,,,,,,,
PaymentsToAcquireIntangibleAssets,,,,,,,,,,,,,,,4500000.000,,,,84182000.000,,,,50956000.000
PaymentsToAcquireInvestments,,,7955.000,,,,,,,,,,,,,,,,,,,,
PaymentsToAcquirePropertyPlantAndEquipment,,,54234.000,,,,,,,,118000.000,,,,112000.000,,,,1369000.000,,,,2138000.000
PreferredStockDividendsIncomeStatementImpact,,,,,,,,2370028.000,0.000,,0.000,0.000,0.000,0.000,,,,,,,,,
ProceedsFromIssuanceOfCommonStock,,,,,,,,,,,50000000.000,,,,,,,,,,,,
ProceedsFromLinesOfCredit,,,,,,,,,,,,,,,,,,,,,,,30000000.000
ProceedsFromRepaymentsOfLinesOfCredit,,,,,,,,,,,0.000,,,,,,,,,,,,
ProceedsFromRepurchaseOfEquity,,,,,,,,,,,46694000.000,,,,0.000,,,,,,,,
ProceedsFromSaleOfIntangibleAssets,,,,,,,1000000.000,,,,,,,,,,,,,,,,
ProceedsFromStockOptionsExercised,,,,,,,,,,,743000.000,,,,9000.000,,,,144000.000,,,,25000.000
ProceedsFromWarrantExercises,,,,,,,,,,,180000.000,,,,0.000,,,,,,,,
ProfitLoss,-14975231.000,-12733691.000,,,,,,,,,,,,,,,,,,,,,
ResearchAndDevelopmentExpense,11116323.000,11500053.000,5183217.000,5398305.000,3872736.000,2434591.000,972049.000,437184.000,453897.000,-151130.000,376000.000,851000.000,883000.000,568000.000,403000.000,995000.000,815000.000,661000.000,966000.000,764000.000,1041000.000,135000.000,1618000.000
RestrictedStockExpense,,,,,,,,,,,,79000.000,97000.000,,100000.000,,,,,,,,
Revenues,81003.000,182784.000,114000.000,108780.000,110383.000,1967573.000,145040.000,6151539.000,7836222.000,15949199.000,10899000.000,6647000.000,17387000.000,21037000.000,18799000.000,19516000.000,19972000.000,18035000.000,20555000.000,31337000.000,38525000.000,38205000.000,36628000.000
RoyaltyRevenue,81003.000,82784.000,114000.000,108780.000,110383.000,217573.000,145040.000,,,,,,,,,,,,,,,,
SalesRevenueNet,81003.000,182784.000,114000.000,108780.000,110383.000,1967573.000,145040.000,6151539.000,7836222.000,15949199.000,10899000.000,6647000.000,17387000.000,21037000.000,18799000.000,19516000.000,19972000.000,18035000.000,20555000.000,31337000.000,38525000.000,38205000.000,36628000.000
SellingGeneralAndAdministrativeExpense,,,,,,,,1457845.000,1750734.000,,3703000.000,5433000.000,4057000.000,4742000.000,4751000.000,5551000.000,5399000.000,5455000.000,5904000.000,7628000.000,6928000.000,7369000.000,7293000.000
ShareBasedCompensation,,,313027.000,,,,145794.000,,,,47000.000,2000000.000,,,568000.000,,,,1105000.000,,,,1386000.000
ShareBasedCompensationArrangementByShareBasedPaymentAwardEquityInstrumentsOtherThanOptionsForfeitedInPeriod,,,,,,,,,,,,,,,3000.000,,,,,,,,
ShareBasedCompensationArrangementByShareBasedPaymentAwardEquityInstrumentsOtherThanOptionsVestedInPeriod,,,,,,,,,,,,,,,0.000,,,,,,,,
ShareBasedCompensationArrangementByShareBasedPaymentAwardOptionsExpirationsInPeriod,,,,,,,,,,,,60000.000,4000.000,,0.000,,,,,,,,
ShareBasedCompensationArrangementByShareBasedPaymentAwardOptionsForfeituresInPeriod,,,,,,,,,,,,,,,28000.000,,,,,,,,
StockIssued1,,,10132534.000,,,,,,,,,,,,,,,,,,,,
StockIssuedDuringPeriodSharesNewIssues,,,,,,,0.000,,,,1600000.000,,,,,,,,,,,,
StockIssuedDuringPeriodSharesStockOptionsExercised,,,,,,,,,,,30000.000,0.000,5000.000,8000.000,1000.000,,,,,,,,
StockOptionPlanExpense,,,,,,,,,,,,1900000.000,600000.000,,500000.000,800000.000,900000.000,,,,,,
UndistributedEarnings,,,,,,,,,,,,,6746000.000,,,,,,,,,,
WeightedAverageNumberDilutedSharesOutstandingAdjustment,,,,,,,,,,,,,,,236000.000,205000.000,179000.000,,94000.000,139000.000,160000.000,,126000.000
WeightedAverageNumberOfDilutedSharesOutstanding,,,116266613.000,20202737.000,22921176.000,-137632620.000,,,,,10001.000,11233000.000,11302000.000,-11492001.000,11562000.000,11549000.000,11563000.000,-34662443.000,11489000.000,11541000.000,11625000.000,-23082000.000,11653000.000
WeightedAverageNumberOfShareOutstandingBasicAndDiluted,,,,,,,24487451.000,1155093.000,9480206.000,-30051750.000,,,,,,,,,,,,,
WeightedAverageNumberOfSharesOutstandingBasic,93985347.000,104439220.000,116266613.000,20202737.000,22921176.000,-137632620.000,,,,,9991.000,11233000.000,11235000.000,-11536991.000,11326000.000,11344000.000,11384000.000,-34042630.000,11395000.000,11402000.000,11465000.000,-22817000.000,11527000.000
