,2011-06-30,2011-09-30,2011-12-31,2012-03-31,2012-06-30,2012-09-30,2012-12-31,2013-03-31,2013-06-30,2013-09-30,2013-12-31,2014-03-31,2014-06-30,2014-09-30,2015-03-31,2015-06-30,2015-09-30,2015-12-31,2016-03-31,2016-06-30,2016-09-30,2016-12-31,2017-03-31
AllocatedShareBasedCompensationExpense,,,,,,,,,,,,,,,,,,,,561000.000,1328000.000,,
AmortizationOfFinancingCosts,,,,,,,,,-4000.000,,,,,,64900.000,64900.000,65000.000,69200.000,70000.000,72000.000,78000.000,78000.000,79000.000
AmortizationOfFinancingCostsAndDiscounts,,,,,,,,,3000.000,,,,4000.000,,,,,,,,,,
AssetRetirementObligationAccretionExpense,,,,,,,,,,,,,,,145000.000,,,,128000.000,,,,152000.000
AssetRetirementObligationCashPaidToSettle,,,,,,,,,,,,,,,46000.000,,,,,,,,
AssetRetirementObligationLiabilitiesIncurred,,,,,,,,,,,,,,,43000.000,,,,4000.000,,,,1000.000
AssetRetirementObligationLiabilitiesSettled,0.000,,,,,,,,,,,,,,46000.000,,,,,,,,
AssetRetirementObligationRevisionOfEstimate,,,,,,,,,,,,,,,-2000.000,,,,-12000.000,,,,20000.000
BusinessCombinationAcquisitionRelatedCosts,,,,,,,,,,,,,,,,,,,,,,,803000.000
CapitalExpendituresIncurredButNotYetPaid,439000.000,,,,267000.000,,,,903000.000,,,,208000.000,,,,,,,,,,1575000.000
CashAndCashEquivalentsPeriodIncreaseDecrease,-502000.000,,,,-2192000.000,,,,22000.000,,,,-552000.000,,-40757000.000,,,,-17580000.000,,,,-194000.000
CostsAndExpenses,1618000.000,1803000.000,2212000.000,2217000.000,2071000.000,2236000.000,2412000.000,2618000.000,2709000.000,3006000.000,3247000.000,3388000.000,3967000.000,3738000.000,13618000.000,16452000.000,15675000.000,152874000.000,13700000.000,16243000.000,14909000.000,43446000.000,18776000.000
CurrentFederalTaxExpenseBenefit,,,,,11000.000,12000.000,13000.000,4000.000,20000.000,35000.000,-30000.000,-412000.000,2000.000,77000.000,,,,,,,,,
CurrentIncomeTaxExpenseBenefit,63000.000,32000.000,34000.000,111000.000,12000.000,14000.000,14000.000,22000.000,27000.000,43000.000,-28000.000,-432000.000,6000.000,86000.000,,,,,,,,,
CurrentStateAndLocalTaxExpenseBenefit,,,,,1000.000,2000.000,1000.000,18000.000,7000.000,8000.000,2000.000,-20000.000,4000.000,9000.000,,,,,,,,,0.000
DebtInstrumentInterestRateDuringPeriod,,,,,,,,,,,,,,,,,,,,,,,0.049
DeferredFederalIncomeTaxExpenseBenefit,,,,,-4000.000,73000.000,80000.000,77000.000,133000.000,342000.000,307000.000,657000.000,200000.000,197000.000,,,,,,,,,
DeferredIncomeTaxExpenseBenefit,183000.000,42000.000,469000.000,-282000.000,-4000.000,78000.000,87000.000,79000.000,141000.000,362000.000,324000.000,688000.000,211000.000,207000.000,-585000.000,,,,,,,,-38000.000
DeferredStateAndLocalIncomeTaxExpenseBenefit,,,,,,5000.000,7000.000,,8000.000,20000.000,17000.000,31000.000,11000.000,10000.000,,,,,,,,,
DepreciationDepletionAndAmortization,,,,,,,,,,,,,,,5924000.000,8674000.000,8107000.000,8523000.000,5505000.000,5598000.000,5149000.000,9685000.000,7889000.000
DerivativeInstrumentsNotDesignatedAsHedgingInstrumentsGainLossNet,,,,,,,,,,,,,,,674000.000,-1318000.000,5166000.000,1909000.000,765000.000,-4228000.000,946000.000,-4121000.000,4460000.000
EarningsPerShareBasic,0.390,0.430,0.680,0.420,0.160,0.280,0.220,0.370,0.400,0.710,0.540,0.620,0.580,0.650,-0.080,-0.050,0.120,-8.420,-0.460,-0.690,-0.170,-1.600,0.030
EarningsPerShareDiluted,0.390,0.430,0.680,0.420,0.160,0.280,0.220,0.370,0.400,0.710,0.540,0.620,0.580,0.640,-0.080,-0.050,0.120,-8.420,-0.460,-0.690,-0.170,-1.600,0.030
EffectiveIncomeTaxRateContinuingOperations,,,,,0.030,0.159,0.214,-0.258,0.195,0.249,0.241,-0.463,0.179,0.208,0.344,0.280,0.321,-0.760,0.344,,,,
EffectiveIncomeTaxRateReconciliationAtFederalStatutoryIncomeTaxRate,,,,,,,,,,,,,,,0.340,0.340,0.340,-0.680,,,,,
EffectiveIncomeTaxRateReconciliationChangeInEnactedTaxRate,,,,,,,,,,,,,,,,0.030,0.020,,,,,,
EffectiveIncomeTaxRateReconciliationStateAndLocalIncomeTaxes,,,,,,,,,,,,,,,0.004,0.007,0.009,,0.004,,,,
ExplorationAndProductionCosts,795000.000,826000.000,983000.000,939000.000,834000.000,823000.000,866000.000,930000.000,835000.000,868000.000,1045000.000,1209000.000,1019000.000,1198000.000,,,,,,,,,
ExplorationAndProductionRevenue,,,,,,,,,,,,,,,9038000.000,12163000.000,10385000.000,8263000.000,5539000.000,8097000.000,8262000.000,12460000.000,12519000.000
ExplorationExpense,,,,,,,,,,,,,,,,142000.000,,,5000.000,,,,
GainLossOnSaleOfCommodityContracts,,,,,,,,,,,,,,,,,,,,,,,586000.000
GainLossOnSaleOfOilAndGasProperty,,,,,,,,,,,,,,,,1680000.000,-13000.000,,1600.000,,8000.000,,
GainLossOnSaleOfProperty,,,,,,,,,,,,,,,,1700000.000,,,,,,,
GasGatheringTransportationMarketingAndProcessingRevenue,,,,,,,,,,,,,,,78000.000,95000.000,60000.000,76000.000,54000.000,33000.000,55000.000,,
GeneralAndAdministrativeExpense,442000.000,507000.000,473000.000,654000.000,681000.000,627000.000,669000.000,648000.000,693000.000,659000.000,628000.000,648000.000,1258000.000,771000.000,2571000.000,2484000.000,2450000.000,2795000.000,3198000.000,2273000.000,3131000.000,812000.000,3492000.000
GoodwillImpairmentLoss,,,,,,,,,,,,,,,,,,,0.000,,,,
ImpairmentOfOilAndGasProperties,,,,,,,,,,,,,,,,,,,,,,,0.000
IncomeLossFromContinuingOperationsBeforeIncomeTaxesDomestic,,,,,,,,,,,,,,,,,,,,,,,830000.000
IncomeLossFromContinuingOperationsBeforeIncomeTaxesExtraordinaryItemsNoncontrollingInterest,911000.000,802000.000,1655000.000,563000.000,278000.000,578000.000,471000.000,755000.000,861000.000,1629000.000,1229000.000,1345000.000,1214000.000,1407000.000,-1699000.000,-1043000.000,2529000.000,-142884000.000,-6421000.000,-10986000.000,-3699000.000,-32907000.000,691000.000
IncomeTaxExpenseBenefit,246000.000,74000.000,503000.000,-171000.000,8000.000,92000.000,101000.000,101000.000,168000.000,405000.000,296000.000,256000.000,217000.000,293000.000,-585000.000,-295000.000,811000.000,-26373000.000,0.000,186000.000,201000.000,141000.000,-38000.000
IncomeTaxExpenseBenefitContinuingOperations,,,,,8000.000,92000.000,101000.000,,,,,,,,,,,,,,,,
IncomeTaxReconciliationIncomeTaxExpenseBenefitAtFederalStatutoryIncomeTaxRate,,,,,94000.000,197000.000,160000.000,257000.000,292000.000,555000.000,417000.000,458000.000,413000.000,478000.000,,,,,,,,,
IncomeTaxReconciliationNondeductibleExpenseDepletion,,,,,-93000.000,-114000.000,-89000.000,-119000.000,-135000.000,-175000.000,-184000.000,-184000.000,-203000.000,-200000.000,,,,,,,,,
IncomeTaxReconciliationOtherAdjustments,,,,,7000.000,2000.000,25000.000,-43000.000,2000.000,2000.000,50000.000,-28000.000,-5000.000,1000.000,,,,,,,,,
IncomeTaxReconciliationStateAndLocalIncomeTaxes,,,,,,7000.000,5000.000,,9000.000,23000.000,13000.000,10000.000,12000.000,14000.000,,,,,,,,,
IncomeTaxesPaidNet,0.000,,,,70000.000,,,,0.000,,,,,,,,,,,,,,
IncreaseDecreaseInAccountsPayableAndAccruedLiabilities,,,,,,,,,,,,,,,-21690000.000,,,,-4576000.000,,,,-1710000.000
IncreaseDecreaseInAccountsReceivable,-136000.000,,,,441000.000,,,,419000.000,,,,100000.000,,-7754000.000,,,,-3258000.000,,,,-5920000.000
IncreaseDecreaseInCustomerAdvances,,,,,,,,,,,,,,,-4436000.000,,,,-11234000.000,,,,455000.000
IncreaseDecreaseInOtherAccountsPayableAndAccruedLiabilities,-96000.000,,,,-374000.000,,,,716000.000,,,,125000.000,,,,,,,,,,
IncreaseDecreaseInPrepaidDeferredExpenseAndOtherAssets,2000.000,,,,-772000.000,,,,34000.000,,,,-36000.000,,-387000.000,,,,244000.000,,,,214000.000
IncreaseDecreaseInRoyaltiesPayable,,,,,,,,,,,,,,,-8730000.000,,,,-2904000.000,,,,-5161000.000
IncrementalCommonSharesAttributableToShareBasedPaymentArrangements,,,,,,,,,,,,,,,,,,,0.000,,,,
InterestAndOtherIncome,7000.000,60000.000,1000.000,7000.000,2000.000,6000.000,51000.000,3000.000,8000.000,7000.000,50000.000,8000.000,4000.000,5000.000,,,,,,,,,
InterestExpense,,,,,,,,,,,,,,,169000.000,169000.000,,,,,,,
InterestIncomeExpenseNonoperatingNet,,,,,,,,,,,,,,,,,-169000.000,,-223000.000,-370000.000,-341000.000,-348000.000,-337000.000
InterestPaid,0.000,,,,0.000,,,,31000.000,,,,62000.000,,52000.000,,,,142000.000,,,,147000.000
LeaseOperatingExpense,,,,,,,,,,,,,,,4374000.000,4239000.000,4138000.000,2658000.000,3066000.000,3201000.000,3981000.000,3167000.000,4339000.000
LineOfCreditFacilityCommitmentFeeAmount,,,,,,,,,,,,,,,,,,,,,,,100000.000
NaturalGasProductionRevenue,,,,,,,,,,,,,,,1530000.000,1982000.000,1971000.000,-26000.000,943000.000,1016000.000,1417000.000,1670000.000,1694000.000
NetCashProvidedByUsedInFinancingActivities,0.000,,,,0.000,,,,996000.000,,,,-1000000.000,,-73000.000,,,,-3000.000,,,,-392000.000
NetCashProvidedByUsedInFinancingActivitiesContinuingOperations,0.000,,,,0.000,,,,996000.000,,,,-1000000.000,,-73000.000,,,,-3000.000,,,,-392000.000
NetCashProvidedByUsedInInvestingActivities,-1379000.000,,,,-2150000.000,,,,-3862000.000,,,,-2196000.000,,-19178000.000,,,,-2385000.000,,,,-4168000.000
NetCashProvidedByUsedInInvestingActivitiesContinuingOperations,-1379000.000,,,,-2150000.000,,,,-3862000.000,,,,-2196000.000,,-19178000.000,,,,-2385000.000,,,,-4168000.000
NetCashProvidedByUsedInOperatingActivities,877000.000,,,,-42000.000,,,,2888000.000,,,,2644000.000,,-21506000.000,,,,-15192000.000,,,,4366000.000
NetCashProvidedByUsedInOperatingActivitiesContinuingOperations,877000.000,,,,-42000.000,,,,2888000.000,,,,2644000.000,,-21506000.000,,,,-15192000.000,,,,4366000.000
NetIncomeLoss,665000.000,728000.000,1152000.000,734000.000,270000.000,486000.000,370000.000,654000.000,693000.000,1224000.000,933000.000,1089000.000,997000.000,1114000.000,-1114000.000,-748000.000,1718000.000,-116511000.000,-6421000.000,-11172000.000,-3900000.000,-33048000.000,729000.000
NonoperatingIncomeExpense,4000.000,60000.000,1000.000,4000.000,2000.000,5000.000,49000.000,-15000.000,-25000.000,-37000.000,2000.000,-40000.000,-57000.000,-48000.000,599000.000,-1324000.000,5124000.000,1733000.000,415000.000,-4553000.000,617000.000,-4471000.000,4124000.000
OilAndCondensateRevenue,,,,,,,,,,,,,,,674000.000,813000.000,677000.000,-6000.000,328000.000,664000.000,851000.000,1022000.000,1130000.000
OilAndGasRevenue,2480000.000,2505000.000,3830000.000,2741000.000,2220000.000,2700000.000,2752000.000,3310000.000,3582000.000,4627000.000,4490000.000,4741000.000,5214000.000,5161000.000,11242000.000,14958000.000,13033000.000,8231000.000,6810000.000,9777000.000,10530000.000,,
OperatingIncomeLoss,907000.000,742000.000,1654000.000,559000.000,276000.000,573000.000,422000.000,770000.000,886000.000,1666000.000,1227000.000,1385000.000,1271000.000,1455000.000,-2298000.000,281000.000,-2595000.000,-144617000.000,-6836000.000,-6433000.000,-4316000.000,-28436000.000,-3433000.000
OtherNonoperatingIncomeExpense,,,,,,,,,,,,,,,94000.000,163000.000,127000.000,39000.000,-127000.000,45000.000,12000.000,-2000.000,1000.000
PaymentsForRepurchaseOfCommonStock,-0.000,,,,,,,,,,,,,,,,,,,,,,
PaymentsOfFinancingCosts,,,,,,,,,,,,,,,73000.000,,,,3000.000,,,,
PaymentsToAcquireMachineryAndEquipment,,,,,,,,,144000.000,,,,26000.000,,,,,,,,,,
PaymentsToAcquireOilAndGasPropertyAndEquipment,,,,,,,,,,,,,,,19040000.000,,,,2365000.000,,,,4168000.000
PaymentsToAcquireOtherPropertyPlantAndEquipment,,,,,,,,,,,,,,,138000.000,,,,20000.000,,,,
PaymentsToExploreAndDevelopOilAndGasProperties,-1337000.000,,,,2122000.000,,,,3718000.000,,,,2170000.000,,,,,,,,,,
ProceedsFromIssuanceOfLongTermDebt,,,,,,,,,1000000.000,,,,,,,,,,,,,,
ProductionTaxExpense,138000.000,200000.000,350000.000,249000.000,196000.000,262000.000,239000.000,274000.000,309000.000,431000.000,468000.000,374000.000,473000.000,500000.000,630000.000,746000.000,746000.000,460000.000,382000.000,514000.000,522000.000,780000.000,790000.000
RepaymentsOfDebt,,,,,,,,,,,,,,,,,,,,,,,392000.000
RepaymentsOfLinesOfCredit,,,,,,,,,,,,,,,,,,,,,,,400000.000
RepaymentsOfLongTermDebt,,,,,,,,,,,,,1000000.000,,,,,,,,,,
ResultsOfOperationsAccretionOfAssetRetirementObligations,41000.000,41000.000,43000.000,47000.000,43000.000,44000.000,43000.000,47000.000,49000.000,49000.000,52000.000,52000.000,53000.000,54000.000,,,,,,,,,
ResultsOfOperationsDepreciationDepletionAndAmortizationAndValuationProvisions,196000.000,229000.000,363000.000,328000.000,294000.000,461000.000,577000.000,685000.000,786000.000,980000.000,1036000.000,1079000.000,1145000.000,1185000.000,,,,,,,,,
Revenues,2525000.000,2545000.000,3866000.000,2776000.000,2347000.000,2809000.000,2834000.000,3388000.000,3595000.000,4672000.000,4474000.000,4773000.000,5238000.000,5193000.000,11320000.000,16733000.000,13080000.000,8257000.000,6864000.000,9810000.000,10593000.000,15002000.000,15343000.000
SalesRevenueNet,2525000.000,2545000.000,3866000.000,2776000.000,2347000.000,2809000.000,2834000.000,3388000.000,3595000.000,4672000.000,4474000.000,4773000.000,5238000.000,5193000.000,11320000.000,16733000.000,13080000.000,8257000.000,6864000.000,9810000.000,10593000.000,15002000.000,15343000.000
SettlementOfAssetRetirementObligationsThroughNoncashPaymentsAmount,,,,,,,,,,,,,,,43000.000,,,,,,,,
ShareBasedCompensation,,,,,,,,,,,,,,,,,,,,,,,1311000.000
UnrealizedGainLossOnCommodityContracts,,,,,,,,,,,,,,,,,,,-1226000.000,,,,
UnrealizedGainLossOnDerivativesAndCommodityContracts,,,,,,,,,,,,,,,-820000.000,,,,,,,,
WeightedAverageNumberOfDilutedSharesOutstanding,1712744.000,1710804.000,1706588.000,-3420958.000,1720712.000,1720712.000,1720712.000,-3441424.000,1732250.000,1732250.000,1732230.000,-3464918.000,1724512.000,1728794.000,13835128.000,13835128.000,13835128.000,-27670256.000,13858128.000,16121568.000,22289177.000,-33617291.000,22585474.000
WeightedAverageNumberOfSharesOutstandingBasic,1712744.000,1710804.000,1706588.000,-3420958.000,1720712.000,1720712.000,1720712.000,-3441424.000,1732250.000,1732250.000,1732230.000,-3464918.000,1719042.000,1718964.000,13835128.000,13835128.000,13835128.000,-27670256.000,13858128.000,16121568.000,22289177.000,-33617291.000,22276996.000
WeightedAverageNumberOfSharesRestrictedStock,,,,,,,,,,,,,,,,,,,,,,,308478.000
