,2011-09-30,2012-03-31,2012-09-30,2013-03-31,2013-06-30,2013-09-30,2013-12-31,2014-03-31,2014-06-30,2014-09-30,2014-12-31,2015-03-31,2015-06-30,2015-09-30,2015-12-31,2016-03-31,2016-06-30,2016-09-30,2016-12-31,2017-03-31
AdjustmentsToAdditionalPaidInCapitalOther,,475019.000,,,,,,,,,,,,,,,,,,
AdjustmentsToAdditionalPaidInCapitalSharebasedCompensationRequisiteServicePeriodRecognitionValue,,218500.000,,18985.000,,,,2857.000,,,,995.000,,,,,,,,
AllocatedShareBasedCompensationExpense,,,,11500.000,,,,,,,,,,,,,,,,
AmortizationOfDebtDiscountPremium,,,,,,,,,,,,,,,,,,,,7179.000
AntidilutiveSecuritiesExcludedFromComputationOfEarningsPerShareAmount,,,,12965000.000,,,,13465000.000,13465000.000,,,13465000.000,,,,13465000.000,13465000.000,13465000.000,-26930000.000,13465000.000
CashAndCashEquivalentsPeriodIncreaseDecrease,,270411.000,,80257.000,,,,53854.000,,,,6186.000,,,,59437.000,,,,52673.000
ConcentrationRiskPercentage1,,,,,,,,,,,,,,,,0.980,,0.950,,0.870
CostOfGoodsSold,69645.000,91607.000,46983.000,164531.000,241293.000,16725.000,61992.000,55750.000,82162.000,2550.000,38530.000,97120.000,55015.000,3469.000,292616.000,,11323.000,25763.000,,24159.000
CostsAndExpenses,730892.000,,,,,,,,,,,,,,,194823.000,198791.000,291144.000,251827.000,190133.000
Depreciation,,5662.000,,5654.000,,,,5654.000,,,,5581.000,,,,5509.000,,,,5509.000
EarningsPerShareBasicAndDiluted,-0.020,-0.020,0.000,-0.000,0.010,-0.000,-0.020,-0.000,-0.000,-0.010,-0.010,-0.000,-0.000,-0.010,0.000,0.000,-0.010,0.000,-0.010,-0.000
GainLossOnSaleOfCapitalLeasesNet,,,,,,,,,,,,,,,,,-91400.000,,,
GeneralAndAdministrativeExpense,474352.000,1003945.000,210463.000,126383.000,142508.000,154660.000,142412.000,236842.000,83466.000,206716.000,-76322.000,254708.000,111294.000,64311.000,12548.000,194823.000,198791.000,291144.000,-430967.000,60690.000
GrossProfit,175805.000,232756.000,147297.000,132258.000,442519.000,133113.000,-872.000,123230.000,225465.000,22600.000,26493.000,197300.000,204439.000,56503.000,184881.000,53938.000,-1771.000,352125.000,112293.000,67192.000
IncomeLossFromContinuingOperationsBeforeIncomeTaxesExtraordinaryItemsNoncontrollingInterest,,,,,178810.000,,,,-867.000,-325772.000,,,-20875.000,-176140.000,,-145885.000,-296382.000,53554.000,-147080.000,-137986.000
IncomeTaxExpenseBenefit,,,,,,,,,0.000,0.000,,,,,,,,,,
IncreaseDecreaseInAccountsPayableAndAccruedLiabilities,,1105.000,,140432.000,,,,126053.000,,,,36244.000,,,,219612.000,,,,42878.000
IncreaseDecreaseInAccountsReceivable,,-281215.000,,-16620.000,,,,-9177.000,,,,24900.000,,,,15300.000,,,,22907.000
IncreaseDecreaseInDueToRelatedPartiesCurrent,,,,76250.000,,,,,,,,,,,,,,,,
IncreaseDecreaseInInventories,,-40567.000,,-19843.000,,,,27112.000,,,,119.000,,,,4499.000,,,,
IncreaseDecreaseInPrepaidExpense,,,,,,,,-5825.000,,,,,,,,,,,,
InterestExpense,-1043.000,608.000,2273.000,1803.000,2043.000,2882.000,3420.000,3703.000,3585.000,3610.000,3845.000,4245.000,4806.000,5452.000,5515.000,5000.000,4420.000,7427.000,7546.000,15045.000
InterestPaid,,608.000,,1803.000,,,,3703.000,,,,4245.000,,,,5000.000,,,,7867.000
IssuanceOfStockAndWarrantsForServicesOrClaims,,14500.000,,30485.000,,,,,,,,,,,,,,,,1000.000
LaborAndRelatedExpense,,,,,,,,,,,,,,,,,,,,117111.000
LossContingencyDamagesSoughtValue,,,,58000.000,,,,58000.000,,,,58000.000,,,,58000.000,,,,58000.000
NetCashProvidedByUsedInFinancingActivities,,-10476.000,,,,,,,,,,,,,,,,,,157000.000
NetCashProvidedByUsedInFinancingActivitiesContinuingOperations,,-10476.000,,,,,,,,,,,,,,,,,,157000.000
NetCashProvidedByUsedInOperatingActivities,,280887.000,,80257.000,,,,53854.000,,,,6186.000,,,,59437.000,,,,-104327.000
NetCashProvidedByUsedInOperatingActivitiesContinuingOperations,,280887.000,,80257.000,,,,53854.000,,,,6186.000,,,,59437.000,,,,-104327.000
NetIncomeLoss,556130.000,-825230.000,-150376.000,-136101.000,178810.000,-145746.000,-254111.000,-117315.000,-867.000,-325772.000,-291181.000,-61653.000,-20875.000,-176140.000,-16752.000,-145885.000,-296382.000,53554.000,-147080.000,-137986.000
NonoperatingIncomeExpense,1043.000,-608.000,-2273.000,-1803.000,-2043.000,-2882.000,-3420.000,-3703.000,-3585.000,-3610.000,-3845.000,-4245.000,-4806.000,-5452.000,-5515.000,-5000.000,-95820.000,-7427.000,-7546.000,-15045.000
OperatingExpenses,,1057378.000,295400.000,266556.000,261666.000,275977.000,249819.000,236842.000,222747.000,344762.000,,254708.000,220508.000,227191.000,,,,,,
OperatingIncomeLoss,-555087.000,-824622.000,-148103.000,-134298.000,180853.000,-142864.000,-250691.000,-113612.000,2718.000,-322162.000,-287336.000,-57408.000,-16069.000,-170688.000,-11237.000,-140885.000,-200562.000,60981.000,-139534.000,-122941.000
OtherLaborRelatedExpenses,,,,109687.000,109658.000,121317.000,84986.000,,136424.000,138046.000,,,109214.000,157125.000,,,,,,
ProceedsFromNotesPayable,,,,,,,,,,,,,,,,,,,,150000.000
ProceedsFromRelatedPartyDebt,,,,,,,,,,,,,,,,,,,,7000.000
ProfessionalAndContractServicesExpense,,,53500.000,30486.000,9500.000,,,,2857.000,,,,,5755.000,,,,,,
ProfessionalFees,,,,,,,,,,,,,,,,,,,,12332.000
ProvisionForDoubtfulAccounts,,,,,,,,24495.000,,,,,,,,,,,,
RepaymentsOfNotesPayable,,10476.000,,,,,,,,,,,,,,,,,,
ResearchAndDevelopmentExpense,158592.000,53433.000,31437.000,,,,,,,,,,,,,,,,,
Revenues,,,,,,,,178980.000,307627.000,25150.000,65023.000,294420.000,259454.000,59972.000,477497.000,53938.000,9552.000,377888.000,54710.000,91351.000
SalesRevenueGoodsNet,245450.000,324363.000,194280.000,296789.000,683812.000,149838.000,-155485.000,,,,,,,,,,,,,
SalesRevenueNet,,,,,,,,178980.000,307627.000,25150.000,65023.000,294420.000,259454.000,59972.000,477497.000,53938.000,9552.000,377888.000,54710.000,91351.000
ShareBasedCompensation,,218500.000,,,,,,,,,,,,,,,,,,
ShareBasedCompensationArrangementByShareBasedPaymentAwardOptionsExpirationsInPeriod,,,,,,,,0.000,,,,0.000,,,,,,,,
ShareBasedCompensationArrangementByShareBasedPaymentAwardOptionsForfeituresInPeriod,,,,,,,,0.000,,,,0.000,,,,,,,,
ShareBasedCompensationArrangementByShareBasedPaymentAwardOptionsGrantsInPeriodGross,,,,,,,,0.000,,,,0.000,,,,,,,,
ShareBasedCompensationArrangementsByShareBasedPaymentAwardOptionsExpirationsInPeriodWeightedAverageExercisePrice,,,,,,,,0.000,,,,0.000,,,,,,,,
ShareBasedCompensationArrangementsByShareBasedPaymentAwardOptionsForfeituresInPeriodWeightedAverageExercisePrice,,,,,,,,0.000,,,,0.000,,,,,,,,
ShareBasedCompensationArrangementsByShareBasedPaymentAwardOptionsGrantsInPeriodWeightedAverageExercisePrice,,,,,,,,0.000,,,,0.000,,,,,,,,
StockGrantedDuringPeriodValueSharebasedCompensation,,69549.000,,,,,,,,,,,,,,,,,,
StockIssuedDuringPeriodValueOther,,,,,,,,,,,,,,,,,,,,1000.000
StockIssuedDuringPeriodValueShareBasedCompensation,,14500.000,,,,,,,,,,,,,,,,,,
StockOptionPlanExpense,,544568.000,,,,,,2857.000,,,,995.000,,,,,,,,
WeightedAverageNumberOfShareOutstandingBasicAndDiluted,,,,33464497.000,33464497.000,33464497.000,-66928994.000,33464497.000,33464497.000,33464497.000,-66928994.000,33464497.000,33464497.000,33464497.000,-66928994.000,33464497.000,33464497.000,33464497.000,-66928994.000,33495608.000
