,2011-11-27,2012-02-26,2012-05-27,2012-08-26,2013-02-24,2013-05-26,2013-11-24,2014-02-23,2014-05-25,2014-11-30,2015-03-01,2015-05-31,2015-08-30,2015-11-29,2016-02-28,2016-05-29,2016-08-28,2016-11-27,2017-02-26,2017-05-28
AdjustmentForAmortization,,,,,,,1003.000,,,1002.000,,,,1003.000,,,,1002.000,,
AssetImpairmentCharges,,,,,,,,,,,,,,,,,,,,147502.000
CashAndCashEquivalentsPeriodIncreaseDecrease,-64996.000,,,,,,819767.000,,,-143272.000,,,,890884.000,,,,1479023.000,,
CommonStockDividendsPerShareCashPaid,0.040,0.040,0.040,0.040,0.040,0.040,0.040,0.040,0.040,0.040,0.040,0.040,0.040,0.040,0.040,,,,,
CostOfGoodsSold,5059171.000,5973811.000,7560784.000,8098647.000,6406388.000,8240751.000,8848581.000,9232943.000,9220735.000,9058939.000,10053909.000,11105038.000,8440995.000,8843401.000,7841786.000,7934304.000,7672235.000,6022057.000,6107015.000,8563262.000
DeferredIncomeTaxExpenseBenefit,44522.000,,,,,,193799.000,,,65843.000,,,,-99425.000,,,,-196511.000,,
Depreciation,327665.000,,,,,,569138.000,,,505187.000,,,,485779.000,,,,452978.000,,
DilutiveSecurities,,,,,54687.000,52558.000,57548.000,55005.000,75296.000,56683.000,49002.000,,,,,,,,,
EarningsPerShareBasic,0.040,0.060,0.210,0.210,0.020,0.040,0.120,0.090,0.110,0.060,0.160,0.140,-0.020,0.050,,0.030,,-0.110,-0.120,-0.080
EarningsPerShareDiluted,0.040,0.060,0.210,0.200,0.020,0.040,0.120,0.090,0.110,0.060,0.150,0.140,-0.010,0.050,,0.030,,-0.110,-0.120,-0.080
EffectiveIncomeTaxRateContinuingOperations,,,,,,,,,,,,0.088,,-0.289,-1.039,,,-0.379,-0.375,-0.429
GrossProfit,927770.000,1047169.000,1921965.000,1866636.000,772001.000,928375.000,1350740.000,1251055.000,1481410.000,1039232.000,1683724.000,1263125.000,337975.000,888005.000,646527.000,951701.000,438025.000,307884.000,206571.000,1030679.000
IncomeLossAttributableToParent,164341.000,266828.000,933772.000,937190.000,87126.000,165291.000,538330.000,403646.000,501468.000,252480.000,690306.000,448612.000,-379614.000,,-145440.000,104285.000,,-518874.000,-579685.000,-384996.000
IncomeLossFromContinuingOperationsBeforeIncomeTaxesMinorityInterestAndIncomeLossFromEquityMethodInvestments,,,,,,,,,,,,,,102652.000,,,,,,
IncomeTaxExpenseBenefit,59162.000,96059.000,336158.000,337390.000,31365.000,59505.000,193799.000,145403.000,180528.000,85843.000,234704.000,39528.000,-345359.000,-29686.000,-151177.000,25979.000,-392412.000,-196511.000,-217492.000,-165323.000
IncomeTaxesPaid,11000.000,,,,,,,,,20000.000,,,,,,,,,,
IncomeTaxesPaidNet,,,,,,,,,,,,,,,,,,2500.000,,
IncreaseDecreaseInAccountsPayableAndAccruedLiabilities,-160812.000,,,,,,-360815.000,,,-524358.000,,,,-662497.000,,,,-396512.000,,
IncreaseDecreaseInAccountsReceivable,375820.000,,,,,,-504559.000,,,-988717.000,,,,-123770.000,,,,-2773513.000,,
IncreaseDecreaseInInventories,-271076.000,,,,,,89840.000,,,767575.000,,,,-1335014.000,,,,478475.000,,
IncreaseDecreaseInPrepaidDeferredExpenseAndOtherAssets,,,,,,,-244888.000,,,46804.000,,,,,,,,,,
IncreaseDecreaseInPrepaidExpense,63098.000,,,,,,,,,,,,,-99945.000,,,,-18231.000,,
IncrementalCommonSharesAttributableToCallOptionsAndWarrants,,,,,,,,,,,,51715.000,,,10797.000,5747.000,,,,
IncrementalCommonSharesAttributableToShareBasedPaymentArrangements,,,,,,,,,,,,,,12611.000,,,,,,
InterestAndOtherIncome,,,,,,,,,,,,,,1435.000,,,,,,
InterestExpense,75453.000,80194.000,79698.000,80349.000,80896.000,80610.000,113229.000,102451.000,98597.000,88469.000,81800.000,89142.000,86886.000,,78533.000,75628.000,,,66457.000,72510.000
InterestExpenseOther,,,,,,,,,,,,,,82205.000,,,,67670.000,,
InterestPaid,75453.000,,,,,,113610.000,,,88469.000,,,,82883.000,,,,68603.000,,
InvestmentIncomeInterest,2198.000,10520.000,932.000,727.000,-497.000,-6214.000,984.000,1238.000,1740.000,1503.000,1221.000,1483.000,1394.000,,2503.000,16252.000,,2090.000,1167.000,6870.000
MortgageLoansOnRealEstateInterestRate,,,,,,0.028,,,,,,,,,,,,,,
MortgageLoansOnRealEstateNewMortgageLoans,,,,,,4200000.000,,,,,,,,,,,,,,
NetCashProvidedByUsedInFinancingActivities,-383983.000,,,,,,-606919.000,,,-546176.000,,,,-513430.000,,,,-383799.000,,
NetCashProvidedByUsedInFinancingActivitiesContinuingOperations,-383983.000,,,,,,-606919.000,,,-546176.000,,,,-513430.000,,,,-383799.000,,
NetCashProvidedByUsedInInvestingActivities,-205156.000,,,,,,-26130.000,,,-32695.000,,,,-49614.000,,,,-15093.000,,
NetCashProvidedByUsedInInvestingActivitiesContinuingOperations,-205156.000,,,,,,-26130.000,,,-32695.000,,,,-49614.000,,,,-15093.000,,
NetCashProvidedByUsedInOperatingActivities,524143.000,,,,,,1452816.000,,,435599.000,,,,1453928.000,,,,1877915.000,,
NetCashProvidedByUsedInOperatingActivitiesContinuingOperations,524143.000,,,,,,1452816.000,,,435599.000,,,,1453928.000,,,,1877915.000,,
NetIncomeLoss,105179.000,170769.000,597614.000,599800.000,55761.000,105786.000,344531.000,258243.000,320940.000,166637.000,455602.000,409084.000,-34255.000,132338.000,5737.000,78306.000,-43333.000,-322363.000,-362193.000,-219673.000
NoncashOrPartNoncashAcquisitionFixedAssetsAcquired1,1378958.000,,,,,,,,,,,,,,,,,,,
PaymentsOfDividendsCommonStock,113564.000,,,,,,115704.000,,,116165.000,,,,116781.000,,,,,,
PaymentsRelatedToTaxWithholdingForShareBasedCompensation,6513.000,,,,,,12797.000,,,230.000,,,,,,,,,,
PaymentsToAcquirePropertyPlantAndEquipment,205156.000,,,,2800000.000,,26130.000,,,32695.000,,,,49614.000,,,,,,
ProceedsFromMortgageDeposits,,,,,,3100000.000,,,,,,,,,,,,,,
ProceedsFromSaleOfPropertyPlantAndEquipment,,,,,,,,,,,,,,,,,,-15093.000,,
RepaymentsOfLongTermDebt,,,,,,,,,,,,,,396649.000,,,,383799.000,,
RepaymentsOfLongTermDebtAndCapitalSecurities,270419.000,,,,,,491215.000,,,430011.000,,,,,,,,,,
Revenues,5986941.000,7020980.000,9482749.000,9965283.000,7178389.000,9169126.000,10199321.000,10483998.000,10702145.000,10098171.000,11737633.000,12368163.000,8778970.000,9731406.000,8488313.000,8886005.000,8110260.000,6329941.000,6313586.000,9593941.000
SalesRevenueNet,5986941.000,7020980.000,9482749.000,9965283.000,7178389.000,9169126.000,10199321.000,10483998.000,10702145.000,10098171.000,11737633.000,12368163.000,8778970.000,9731406.000,8488313.000,8886005.000,8110260.000,6329941.000,6313586.000,9593941.000
SellingGeneralAndAdministrativeExpense,690174.000,710667.000,909427.000,849824.000,604476.000,688688.000,700165.000,746196.000,883085.000,699786.000,912839.000,726854.000,632097.000,704583.000,715937.000,788040.000,803091.000,761178.000,720966.000,1202533.000
ShareBasedCompensation,39747.000,,,,,,45553.000,,,46950.000,,,,38001.000,,,,26052.000,,
WeightedAverageNumberOfDilutedSharesOutstanding,2897525.000,2891376.000,2906625.000,-5792623.000,2938748.000,2941653.000,2949812.000,2953330.000,2978670.000,2961014.000,2958185.000,2964158.000,-5922959.000,2932111.000,2930297.000,2925247.000,-5859529.000,2919500.000,2919500.000,2923483.000
WeightedAverageNumberOfSharesIssuedBasic,,,,,2884061.000,2889095.000,2892264.000,2898325.000,2903374.000,2904331.000,2909183.000,2912443.000,-5815531.000,2919500.000,2919500.000,2919500.000,-5839000.000,2919500.000,2919500.000,2923483.000
WeightedAverageNumberOfSharesOutstandingBasic,2837555.000,2848143.000,2854266.000,-5690898.000,2884061.000,2889095.000,2892264.000,2898325.000,2903374.000,2904331.000,2909183.000,2912443.000,-5815531.000,2919500.000,2919500.000,2919500.000,-5839000.000,2919500.000,2919500.000,2923483.000
