,2011-06-30,2011-09-30,2012-03-31,2012-09-30,2013-03-31,2013-06-30,2013-09-30,2013-12-31,2014-03-31,2014-06-30,2014-09-30,2014-12-31,2015-03-31,2015-06-30,2015-09-30,2015-12-31,2016-03-31,2016-06-30,2016-09-30,2016-12-31,2017-03-31
AdjustmentsToAdditionalPaidInCapitalSharebasedCompensationRequisiteServicePeriodRecognitionValue,,,191.000,,,,,,5320394.000,,,,,,,,,,,,
AllocatedShareBasedCompensationExpense,,,,,991911.000,,,,5144315.000,1951631.000,1779134.000,1655185.000,1940912.000,2200232.000,2166108.000,,1600000.000,1400000.000,1200000.000,700000.000,491000.000
AmortizationOfDebtDiscountPremium,,,,,,,,,,,,,,,,,198000.000,,,,204000.000
AmortizationOfIntangibleAssets,,,,87500.000,87500.000,,89142.000,,106548.000,190629.000,232670.000,232670.000,232669.000,434206.000,889362.000,843763.000,890000.000,870000.000,,,
AmortizationOfLeaseIncentives,,,,,,,,,-2084.000,,,,-2085.000,,,,-8000.000,,,,
AntidilutiveSecuritiesExcludedFromComputationOfEarningsPerShareAmount,,,,,163727938.000,,,,8888574.000,,,,8939603.000,,,,11380150.000,11252687.000,,,12441071.000
BusinessCombinationAcquisitionRelatedCosts,0.000,0.000,,,,,,,,419658.000,61330.000,,1945789.000,914797.000,15000.000,0.000,0.000,0.000,715000.000,2244000.000,635000.000
BusinessCombinationContingentConsiderationArrangementsChangeInAmountOfContingentConsiderationLiability1,,,,,,,,,,,194034.000,,107536.000,265055.000,585141.000,-2431432.000,362000.000,-9092000.000,97000.000,-1432000.000,35000.000
CashAndCashEquivalentsPeriodIncreaseDecrease,,,386002.000,,-231667.000,,,,-2453734.000,,,,-5831685.000,,,,-9081000.000,,,,-3230000.000
CostOfRevenue,544151.000,481026.000,451615.000,451076.000,465522.000,492328.000,586719.000,552464.000,631699.000,836715.000,915811.000,886730.000,1207064.000,1373602.000,1661045.000,1807809.000,1777000.000,1599000.000,1766000.000,1513000.000,1660000.000
CostOfServicesLicensesAndMaintenanceAgreements,,,,0.000,3157.000,50.000,178.000,,,,,,,,,,,,,,
CurrentIncomeTaxExpenseBenefit,6000.000,0.000,3000.000,3000.000,,,,,,,,,,,,,,,,,
DebtConversionConvertedInstrumentSharesIssued1,,,,,,,,,34086.000,,,,,,,,,,,,
DebtInstrumentInterestRateDuringPeriod,,,,,,,,,,,,,,,,,0.107,,,,
DeferredIncomeTaxExpenseBenefit,,,3000.000,,3000.000,,,,3500.000,,,,2835.000,,,,3000.000,,,,3000.000
DepreciationAndAmortization,,,160937.000,,163402.000,,,,185213.000,,,,311162.000,,,,1037000.000,,,,1382000.000
DepreciationDepletionAndAmortization,,,,,,,,,78665.000,81990.000,78626.000,78536.000,,,,,,,,,
DiscontinuedOperationGainLossOnDisposalOfDiscontinuedOperationNetOfTax,,,,,,,,,,,,,,,,,,3311000.000,0.000,,
DiscontinuedOperationGainLossOnDisposalOfDiscontinuedOperationNetOfTaxPerBasicAndDilutedShare,,,,,,,,,,,,,,,,,,,0.000,,
DiscontinuedOperationGainLossOnDisposalOfDiscontinuedOperationNetOfTaxPerBasicShare,,,,,,,,,,,,,,,,,,0.110,,,
DiscontinuedOperationGainLossOnDisposalOfDiscontinuedOperationNetOfTaxPerDilutedShare,,,,,,,,,,,,,,,,,,0.110,,,
DiscontinuedOperationIncomeLossFromDiscontinuedOperationDuringPhaseOutPeriodNetOfTax,,,,,,,,,,,,,,,,,,504000.000,0.000,,0.000
DiscontinuedOperationIncomeLossFromDiscontinuedOperationNetOfTaxPerBasicAndDilutedShare,,,,,,,,,,,,,,,,,,,0.000,,0.000
DiscontinuedOperationIncomeLossFromDiscontinuedOperationNetOfTaxPerBasicShare,,,,,,,,,,,,,,,,,,0.020,,,
DiscontinuedOperationIncomeLossFromDiscontinuedOperationNetOfTaxPerDilutedShare,,,,,,,,,,,,,,,,,,0.020,,,
DiscontinuedOperationTaxEffectOfIncomeLossFromDiscontinuedOperationDuringPhaseOutPeriod,,,,,,,,,,,,,,,,,,0.000,0.000,,
DiscontinuedOperationTaxEffectOfIncomeLossFromDisposalOfDiscontinuedOperation,,,,,,,,,,,,,,,,,,0.000,0.000,,
DisposalGroupIncludingDiscontinuedOperationCostsOfGoodsSold,,,,,,,,,,,,,,,,,,348000.000,,,
DisposalGroupIncludingDiscontinuedOperationGeneralAndAdministrativeExpense,,,,,,,,,,,,,,,,,,171000.000,,,
DisposalGroupIncludingDiscontinuedOperationGrossProfitLoss,,,,,,,,,,,,,,,,,,675000.000,,,
DisposalGroupIncludingDiscontinuedOperationRevenue,,,,,,,,,,,,,,,,,,1023000.000,,,
EarningsPerShareBasic,,,,,,,,,,,,,,,,,,0.180,,,
EarningsPerShareBasicAndDiluted,0.000,0.000,0.000,-0.000,-0.010,-0.010,-0.010,-3.110,-0.730,-0.390,-0.330,-0.290,-0.480,-0.320,-0.260,-0.070,-0.280,,-0.300,,-0.230
EarningsPerShareDiluted,,,,,,,,,,,,,,,,,,0.180,,,
EmployeeBenefitsAndShareBasedCompensation,,,,,,,496564.000,,,,,,,,,,,,,,
EntityWideRevenueMajorCustomerPercentage,,,,0.880,0.870,,,,,,,,,,,,,,,,
FairValueAdjustmentOfWarrants,,,,,,,,,,,,,,,,,-737000.000,75000.000,-135000.000,-44000.000,-118000.000
FairValueLiabilitiesMeasuredOnRecurringBasisChangeInUnrealizedGainLoss,,,,,,,,,-202393.000,,,,,94093.000,1466208.000,,737000.000,75000.000,135000.000,-106000.000,
FairValueMeasurementWithUnobservableInputsReconciliationRecurringBasisAssetPeriodIncreaseDecrease,,,,,593063.000,,,,,,,,,,,,,,,,
FairValueMeasurementWithUnobservableInputsReconciliationRecurringBasisLiabilityPeriodIncreaseDecrease,,,,,,,,,283267.000,,,,-12042.000,,,,-737.000,,,,-118000.000
FairValueMeasurementWithUnobservableInputsReconciliationRecurringBasisLiabilitySettlements,,,,,,,,,672632.000,,,,0.000,,,,,,,,
FairValueNetDerivativeAssetLiabilityMeasuredOnRecurringBasisUnobservableInputsReconciliationGainLossIncludedInEarnings,,,,,,,,,-283267.000,214950.000,48993.000,-24066.000,12042.000,-90179.000,1466208.000,,,,,,
FiniteLivedIntangibleAssetsAcquired,,,,,-87500.000,,,,,,,,,,,,,,,,
GainsLossesOnExtinguishmentOfDebt,,,,,,,,,,,,,,,,,,,-373000.000,,
GrossProfit,304077.000,-61201.000,-256014.000,-77286.000,-73725.000,6801.000,-148734.000,-83630.000,-41124.000,200733.000,578029.000,777538.000,906500.000,1762788.000,3352790.000,2969331.000,2866000.000,2868000.000,3108000.000,2743000.000,2934000.000
ImpairmentOfIntangibleAssetsFinitelived,,,,,,,,,0.000,,,,,,,,,,,,
IncomeLossFromContinuingOperations,,,,,,,,,,,,,,,,,,1357000.000,-8588000.000,,-6998000.000
IncomeLossFromContinuingOperationsBeforeIncomeTaxesExtraordinaryItemsNoncontrollingInterest,,,,,-2700835.000,,,,-9032662.000,-5950729.000,-5099943.000,-5348101.000,-7658757.000,-8429471.000,-7003869.000,-4642421.000,-7679000.000,1360000.000,-8585000.000,-18215000.000,-6995000.000
IncomeLossFromContinuingOperationsPerBasicAndDilutedShare,,,,,,,,,,,,,,,,,,,-0.300,,-0.230
IncomeLossFromContinuingOperationsPerBasicShare,,,,,,,,,,,,,,,,,,0.050,,,
IncomeLossFromContinuingOperationsPerDilutedShare,,,,,,,,,,,,,,,,,,0.050,,,
IncomeLossFromDiscontinuedOperationsNetOfTaxAttributableToReportingEntity,,,,,,,,,,,,,,,,,,3815000.000,0.000,,
IncomeLossFromDiscontinuedOperationsNetOfTaxPerBasicAndDilutedShare,,,,,,,,,,,,,,,,,,,0.000,,
IncomeLossFromDiscontinuedOperationsNetOfTaxPerBasicShare,,,,,,,,,,,,,,,,,,0.130,,,
IncomeLossFromDiscontinuedOperationsNetOfTaxPerDilutedShare,,,,,,,,,,,,,,,,,,0.130,,,
IncomeTaxExpenseBenefit,,,,,3000.000,3000.000,3000.000,0.000,3500.000,3500.000,3500.000,3500.000,2835.000,-1439735.000,128795.000,-409598.000,3000.000,3000.000,3000.000,-724000.000,3000.000
IncreaseDecreaseInAccountsPayable,,,,,,,,,11158.000,,,,44756.000,,,,-285000.000,,,,-301000.000
IncreaseDecreaseInAccountsPayableAndAccruedLiabilities,,,61199.000,,269431.000,,,,796122.000,,,,263017.000,,,,-224000.000,,,,-652000.000
IncreaseDecreaseInAccountsReceivable,,,-7140.000,,74435.000,,,,7219.000,,,,434979.000,,,,-91000.000,,,,108000.000
IncreaseDecreaseInDeferredCharges,,,,,-1019.000,,,,,,,,,,,,,,,,
IncreaseDecreaseInDeferredRentReceivables,,,1019.000,,,,,,,,,,,,,,,,,,
IncreaseDecreaseInDeferredRevenue,,,39000.000,,,,,,39000.000,,,,,,,,,,,,
IncreaseDecreaseInFairValueOfUnhedgedDerivativeInstruments,,,,,593063.000,,,,,,,,,,,,,,,,
IncreaseDecreaseInInventories,,,-16103.000,,25799.000,,,,-22943.000,,,,189501.000,,,,398000.000,,,,-48000.000
IncreaseDecreaseInOtherReceivables,,,,,20000.000,,,,,,,,,,,,,,,,
IncreaseDecreaseInPrepaidExpense,,,21360.000,,-42439.000,,,,50232.000,,,,336454.000,,,,129000.000,,,,-227000.000
IncreaseDecreaseInRestrictedCash,,,0.000,,,,,,,,,,,,,,,,,,
InterestExpense,-667.000,-644.000,739.000,1103.000,1424.000,1331.000,292.000,1760.000,292.000,92.000,0.000,0.000,0.000,233039.000,667010.000,664941.000,619000.000,653000.000,686000.000,583000.000,573000.000
InterestPaid,,,739.000,,1424.000,,,,292.000,,,,0.000,,,,421000.000,,,,370000.000
InventoryWriteDown,,,8714.000,,-4363.000,,,,-22545.000,,,,-478.000,,,,,,,,23000.000
InvestmentBankingAdvisoryBrokerageAndUnderwritingFeesAndCommissions,,,-62975.000,,,,,,,,,,,,,,,,,,
InvestmentIncomeInterest,1436.000,1018.000,316.000,73.000,29.000,15.000,31.000,2838.000,4547.000,9429.000,8779.000,7984.000,5967.000,13223.000,12514.000,9971.000,8000.000,7000.000,9000.000,18000.000,2000.000
IssuanceOfStockAndWarrantsForServicesOrClaims,,,,,,,,,148320.000,,,,0.000,,,,,,,,
LaborAndRelatedExpense,,,,,,,446252.000,,,,,,,,,,,,,,
NetCashProvidedByUsedInFinancingActivities,,,987025.000,,500500.000,,,,268376.000,,,,48628.000,,,,-2573000.000,,,,1805000.000
NetCashProvidedByUsedInFinancingActivitiesContinuingOperations,,,987025.000,,500500.000,,,,268376.000,,,,48628.000,,,,-2573000.000,,,,1805000.000
NetCashProvidedByUsedInInvestingActivities,,,-5115.000,,,,,,-106596.000,,,,-5000.000,,,,-362000.000,,,,-389000.000
NetCashProvidedByUsedInInvestingActivitiesContinuingOperations,,,-5115.000,,,,,,-106596.000,,,,-5000.000,,,,-362000.000,,,,-389000.000
NetCashProvidedByUsedInOperatingActivities,,,-595908.000,,-732167.000,,,,-2615514.000,,,,-5875313.000,,,,-6146000.000,,,,-4646000.000
NetCashProvidedByUsedInOperatingActivitiesContinuingOperations,,,-595908.000,,-732167.000,,,,-2615514.000,,,,-5875313.000,,,,-6146000.000,,,,-4646000.000
NetIncomeLoss,-656113.000,-843945.000,-871851.000,-874438.000,-2703835.000,-2089343.000,-2236045.000,-14947659.000,-9036162.000,-5954229.000,-5103443.000,-5351601.000,-7661592.000,-6989736.000,-7132664.000,-4232823.000,-7682000.000,5172000.000,-8588000.000,-17145000.000,-6998000.000
NonoperatingIncomeExpense,6350.000,673.000,-423.000,3858.000,,,32717.000,,-279012.000,224287.000,57772.000,-16082.000,18009.000,-309995.000,811712.000,51743.000,126000.000,-721000.000,-815000.000,-521000.000,-1223000.000
OperatingExpenses,960540.000,783417.000,612414.000,798010.000,2032652.000,2408178.000,2117028.000,13275344.000,8712526.000,6375749.000,5735744.000,6109557.000,8583266.000,9882264.000,11168371.000,7663495.000,10671000.000,787000.000,10878000.000,20437000.000,8706000.000
OperatingIncomeLoss,-656463.000,-844618.000,-868428.000,-875296.000,-2106377.000,-2401377.000,-2265762.000,-13358974.000,-8753650.000,-6175016.000,-5157715.000,-5332019.000,-7676766.000,-8119476.000,-7815581.000,-4694164.000,-7805000.000,2081000.000,-7770000.000,-17694000.000,-5772000.000
OtherAmortizationOfDeferredCharges,,,,,,,,,,,,,,,,,,,,,2000.000
OtherIncome,,,,4888.000,,0.000,0.000,,,,,,,,,,,,100000.000,,
OtherNonoperatingIncome,0.000,0.000,,,,,,,,,,,,,,,,,,,
OtherNonoperatingIncomeExpense,,,,,,315034.000,,,,,,,,,,,,,,,
PaymentsForProceedsFromProductiveAssets,,,,,,,,,6596.000,,,,5000.000,,,,362000.000,,,,39000.000
PaymentsRelatedToTaxWithholdingForShareBasedCompensation,,,,,,,,,,,,,187650.000,,,,0.000,,,,54000.000
PaymentsToAcquireBusinessesGross,,,,,,,,,,,,,,,,,2573000.000,,,,675000.000
PaymentsToAcquireIntangibleAssets,,,,,,,,,,,,,0.000,,,,,,,,
PaymentsToAcquireNotesReceivable,,,,,,,,,,,,,,,,,,,,,350000.000
ProceedsFromIssuanceOfCommonStock,,,987025.000,,100000.000,,,,0.000,,,,,,,,,,,,2534000.000
ProceedsFromIssuanceOrSaleOfEquity,,,,,400500.000,,,,,,,,,,,,,,,,
ProceedsFromStockOptionsExercised,,,,,,,,,469550.000,,,,236278.000,,,,0.000,,,,
PropertyPlantAndEquipmentAdditions,,,-5115.000,,,,,,,,,,,,,,,,,,
ProvisionForDoubtfulAccounts,,,,,,,,,,,,,,,,,-80000.000,,,,7000.000
ProvisionForLoanLeaseAndOtherLosses,,,,,,,,,,,,,,,,,,,,,350000.000
RelatedPartyTransactionExpensesFromTransactionsWithRelatedParty,,,,,,,,,,,,,,,,,,53000.000,100000.000,,127000.000
ResearchAndDevelopmentExpense,139413.000,121609.000,113212.000,30396.000,1629.000,27973.000,33602.000,0.000,0.000,0.000,0.000,0.000,,279664.000,192243.000,,199000.000,328000.000,164000.000,168000.000,111000.000
RestrictedStockSharesIssuedNetOfSharesForTaxWithholdings,,,,,,,,,,21068.000,,,,,,,,,,,
RestrictedStockValueSharesIssuedNetOfTaxWithholdings,,,,,,,,,,173808.000,,,2032512.000,,,,,,,,
RestructuringCosts,,,,,,,,,,,,,,,,,,,,,770000.000
Revenues,848228.000,419825.000,195601.000,373790.000,391797.000,499129.000,437985.000,468834.000,590575.000,1037448.000,1493840.000,1664268.000,2113564.000,3136390.000,5013835.000,4777140.000,4643000.000,4467000.000,4874000.000,4256000.000,4594000.000
RoyaltyExpense,,,,,50000.000,50000.000,50000.000,,,,,,,,,,,,,,185000.000
SalariesWagesAndOfficersCompensation,,,,,830540.000,,,,,,,,,,,,,,,,
SalesRevenueNet,848228.000,419825.000,195601.000,368902.000,391797.000,499129.000,437985.000,468834.000,590575.000,1037448.000,1493840.000,1664268.000,2113564.000,3136390.000,5013835.000,4777140.000,4643000.000,4467000.000,4774000.000,4256000.000,4594000.000
SalesRevenueServicesGross,,,,,,,,,,,,,,,,,,,100000.000,,
SellingGeneralAndAdministrativeExpense,821127.000,661808.000,499202.000,767614.000,2031023.000,2380205.000,2083426.000,5175344.000,8712526.000,5956091.000,5480380.000,6006011.000,6529941.000,8422748.000,10375987.000,9851760.000,10110000.000,9551000.000,8902000.000,8562000.000,7740000.000
ShareBasedCompensation,,,191.000,,991911.000,,34395.000,,5013205.000,,,,2032512.000,,,,1706000.000,,,,491000.000
ShareBasedCompensationArrangementByShareBasedPaymentAwardFairValueAssumptionsExpectedDividendRate,,,,,,,,,,,,,,,,,,,0.000,,
ShareBasedCompensationArrangementByShareBasedPaymentAwardFairValueAssumptionsExpectedVolatilityRate,,,,,,,,,,,,,,,,,,,0.899,,
ShareBasedCompensationArrangementByShareBasedPaymentAwardOptionsExpirationsInPeriod,,,,,-2320000.000,,,,,,,,,,,,,,,,
ShareBasedCompensationArrangementByShareBasedPaymentAwardOptionsGrantsInPeriodGross,,,,,12216195.000,,,,,,,,,,,,,,,,
ShareBasedCompensationArrangementsByShareBasedPaymentAwardOptionsExpirationsInPeriodWeightedAverageExercisePrice,,,,,0.100,,,,,,,,,,,,,,,,
ShareBasedCompensationArrangementsByShareBasedPaymentAwardOptionsGrantsInPeriodWeightedAverageExercisePrice,,,,,0.080,,,,,,,,,,,,,,,,
StockIssued1,,,,,,,,,,,,,0.000,,,,2574000.000,,,,675000.000
StockIssuedDuringPeriodValueIssuedForServices,,,,,,,,,148320.000,,,,,,,,,,,,
StockIssuedDuringPeriodValueNewIssues,,,1050000.000,,,,,,,,,,,,,,,,,,
StockIssuedDuringPeriodValueOther,,,,,380500.000,,,,,,,,,,,,,,,,
StockIssuedDuringPeriodValueStockOptionsExercised,,,,,,,,,469550.000,,,,236278.000,,,,,,,,
StockOptionPlanExpense,,,,,979013.000,,,,,,,,,,,,,,,,
StockRedeemedOrCalledDuringPeriodValue,,,,,,,,,,,,,-187650.000,,,,,,,,
WeightedAverageNumberDilutedSharesOutstandingAdjustment,,,,,,,,,,,,,,,,,,398757.000,,,
WeightedAverageNumberOfDilutedSharesOutstanding,,,,,,,,,,,,,,,,,,28568600.000,,,
WeightedAverageNumberOfShareOutstandingBasicAndDiluted,,,,237346999.000,261185836.000,274289566.000,310850165.000,-839184954.000,12356096.000,15243718.000,15666697.000,-28637530.000,16068562.000,22108703.000,26930880.000,-42046214.000,27293087.000,,28195674.000,,30713415.000
WeightedAverageNumberOfSharesOutstandingBasic,,,,,,,,,,,,,,,,,,28169843.000,,,
WeightedAverageNumberOfSharesRestrictedStock,,,,,,,,,,,,,,,,,,398757.000,,,
