,2012-09-30,2012-12-31,2013-03-31,2013-06-30,2013-12-31,2014-03-31,2014-09-30,2014-12-31,2015-03-31,2015-09-30,2015-12-31,2016-03-31,2016-06-30,2016-09-30,2016-12-31,2017-03-31
AdjustmentsToAdditionalPaidInCapitalShareBasedCompensationEmployeeStockPurchaseProgramRequisiteServicePeriodRecognition,9265000.000,,,,,,692000.000,,,342000.000,,,,,,
AllowanceForDoubtfulAccountsReceivableRecoveries,,,,,,,2000.000,,,1000.000,,,,,,
CashAndCashEquivalentsPeriodIncreaseDecrease,-82000.000,,,,,,-309000.000,,,-1097000.000,,,,,,
ComprehensiveIncomeNetOfTax,,,,,,,,,,,,,,,1613000.000,94537000.000
ContractsRevenue,,,,,,,,,,,,3932000.000,,,,
CostOfRevenue,1454000.000,4470000.000,959000.000,1705000.000,1980000.000,1902000.000,1251000.000,1777000.000,2129000.000,8136000.000,6439000.000,7691000.000,11446000.000,,5720000.000,166000.000
DebtConversionOriginalDebtAmount1,,,,,,,212000.000,,,245000.000,,,,,,
Depreciation,,,,,,,,,,54000.000,50000.000,49000.000,54000.000,43000.000,34000.000,1700.000
DepreciationAndAmortization,19000.000,,,,,,41000.000,,,54000.000,,,,,,
DepreciationExpense,,21.000,18000.000,,,40000.000,,,,,,,,,,
DividendsPreferredStock,,,,,,,,,,,,,,,-262000.000,-263000.000
EarningsPerShareBasic,,,,,,,,,,,,,,,0.020,1.190
EarningsPerShareBasicAndDiluted,-0.310,-0.080,-0.100,-0.070,-0.070,-0.080,-0.080,-0.090,-0.080,-0.010,-0.040,-0.050,-0.040,,,
EarningsPerShareBasicUndistributed,,,,,,,,,,,,,,,0.020,1.180
EarningsPerShareDiluted,,,,,,,,,,,,,,,0.020,1.190
EarningsPerShareDilutedUndistributed,,,,,,,,,,,,,,,0.020,1.180
EffectOfExchangeRateOnCashAndCashEquivalents,,,,,,,-3000.000,,,10000.000,,,,,,
EmbeddedDerivativeGainOnEmbeddedDerivative,,,,,,,,,,,,,,,10497000.000,362000.000
EmployeeServiceShareBasedCompensationAllocationOfRecognizedPeriodCostsCapitalizedAmount,,,,,,,,,,,,314000.000,,290000.000,180000.000,121000.000
FairValueMeasurementWithUnobservableInputsReconciliationLiabilityTransfersIntoLevel3,,,,,,,,,,,,,,15703.000,,
FairValueMeasurementWithUnobservableInputsReconciliationLiabilityTransfersOutOfLevel3,,,,,,,,,,,,,,-3039.000,-10497.000,-2167.000
GainsLossesOnSalesOfAssets,,,,,,,,,,,,,,,,-104791000.000
GrossProfit,-39000.000,2468000.000,303000.000,697000.000,1170000.000,806000.000,618000.000,364000.000,1176000.000,6257000.000,3853000.000,3232000.000,6007000.000,,2905000.000,40000.000
IncomeLossFromContinuingOperations,-11507000.000,-2393000.000,-4004000.000,-4051000.000,-2707000.000,-3218000.000,-3341000.000,-4119000.000,-3489000.000,1636000.000,-766000.000,-1619000.000,248000.000,,-5481000.000,99261000.000
IncomeLossFromContinuingOperationsBeforeIncomeTaxesDomestic,,,,,,,,,,,,,,,,96800000.000
IncomeTaxExpenseBenefit,,,,,,,,,,,,,,,,2000000.000
IncreaseDecreaseInAccountsPayable,-301000.000,,,,,,-413000.000,,,1630000.000,,,,,,
IncreaseDecreaseInAccountsReceivable,,,,,,,-496000.000,,,-1799000.000,,,,,,
IncreaseDecreaseInAccountsReceivableAndOtherOperatingAssets,15000.000,,,,,,,,,,,,,,,
IncreaseDecreaseInAccruedLiabilities,937000.000,,,,,,1134000.000,,,4012000.000,,,,,,
IncreaseDecreaseInDeferredRevenue,-35000.000,,,,,,1422000.000,,,-2190000.000,,,,,,
IncreaseDecreaseInInventories,,,,,,,-12000.000,,,-2126000.000,,,,,,
IncreaseDecreaseInInventoriesAndOtherOperatingAssets,-334000.000,,,,,,,,,,,,,,,
IncreaseDecreaseInOtherCurrentAssets,-72000.000,,,,,,42000.000,,,-388000.000,,,,,,
IncreaseDecreaseInRestrictedCash,-20000.000,,,,,,,,,,,,,,,
IncrementalCommonSharesAttributableToCallOptionsAndWarrants,1404751.000,,,,,,,,,,,,,,,
IncrementalCommonSharesAttributableToConversionOfDebtSecurities,50809174.000,,,,,,,,,,,,,,,
InterestExpense,-1241000.000,-1331000.000,-1336000.000,-1493000.000,1675000.000,1721000.000,-2034000.000,-2125000.000,-2243000.000,-2547000.000,-2547000.000,-2477000.000,-2583000.000,,-3426000.000,-2823000.000
InterestPaid,602000.000,,,,,,1076000.000,,,3000.000,,,,,,
InvestmentIncomeInterest,,1000.000,1000.000,,-1000.000,,,,1000.000,,,,,,,
IssuanceOfStockAndWarrantsForServicesOrClaims,172000.000,,,,,,212000.000,,,24000.000,,,,,,
LeaseAndRentalExpense,,,,,,,,,,,,,,182000.000,,
LineOfCreditFacilityIncreaseDecreaseForPeriodNet,3014000.000,,,,,,2258000.000,,,200000.000,,,,,,
NetCashProvidedByUsedInFinancingActivities,3034000.000,,,,,,2388000.000,,,224000.000,,,,,,
NetCashProvidedByUsedInFinancingActivitiesContinuingOperations,3034000.000,,,,,,2388000.000,,,224000.000,,,,,,
NetCashProvidedByUsedInInvestingActivities,-53000.000,,,,,,-11000.000,,,-63000.000,,,,,,
NetCashProvidedByUsedInInvestingActivitiesContinuingOperations,-53000.000,,,,,,-11000.000,,,-63000.000,,,,,,
NetCashProvidedByUsedInOperatingActivities,-3063000.000,,,,,,-2683000.000,,,-1268000.000,,,,,,
NetCashProvidedByUsedInOperatingActivitiesContinuingOperations,-3063000.000,,,,,,-2683000.000,,,-1268000.000,,,,,,
NetIncomeLoss,-12748000.000,-3723000.000,-5339000.000,-5544000.000,-4381000.000,-4939000.000,-5375000.000,-6244000.000,-5731000.000,-911000.000,-3313000.000,-4096000.000,-2335000.000,,1590000.000,94800000.000
OperatingExpenses,11468000.000,4861000.000,4307000.000,4748000.000,3877000.000,4024000.000,3959000.000,4483000.000,4665000.000,4621000.000,4619000.000,4851000.000,5759000.000,,8386000.000,-99221000.000
OtherComprehensiveIncomeLossForeignCurrencyTransactionAndTranslationAdjustmentBeforeTax,,,,,,4000.000,,,,,,,,,,
OtherComprehensiveIncomeLossForeignCurrencyTransactionAndTranslationAdjustmentNetOfTax,,,,,,,-3000.000,4000.000,-1000.000,,,,,,23000.000,
OtherComprehensiveIncomeLossNetOfTax,,,,,,4000.000,,,,,,,,,,
OtherComprehensiveIncomeLossTax,,,,,-4381000.000,-4935000.000,-5378000.000,-6240000.000,-5732000.000,,,,,,,
OtherOperatingIncomeExpenseNet,-1241000.000,-1330000.000,-1335000.000,-1493000.000,-1674000.000,-1721000.000,-2034000.000,-2125000.000,-2242000.000,-2547000.000,-2547000.000,-2477000.000,-2583000.000,,7071000.000,-2461000.000
ProceedsFromIssuanceOfCommonStock,,,,,,,68000.000,,,83000.000,,,,,,
ProceedsFromWarrantExercises,16000.000,,,,,,,,,,,,,,,
ProfitLoss,,,,,,,,,,,,,,,1328000.000,94537000.000
PropertyPlantAndEquipmentAdditions,-33000.000,,,,,,-11000.000,,,-63000.000,,,,,,
RepaymentsOfLongTermCapitalLeaseObligations,,,,,,,-10000.000,,,-10000.000,,,,,,
ResearchAndDevelopmentExpense,1337000.000,1068000.000,1116000.000,1233000.000,1191000.000,1179000.000,1284000.000,1288000.000,1347000.000,1083000.000,901000.000,1040000.000,1033000.000,,876000.000,36000.000
Revenues,1415000.000,6938000.000,1262000.000,2402000.000,3150000.000,2708000.000,1869000.000,2141000.000,3305000.000,14393000.000,10292000.000,10923000.000,,,8625000.000,206000.000
SalesRevenueGoodsGross,,,,,,,,,,,,6816000.000,,,,
SalesRevenueGoodsNet,,,,,,,,,,,,10748000.000,,,,
SalesRevenueNet,1415000.000,6938000.000,1262000.000,2402000.000,3150000.000,2708000.000,1869000.000,2141000.000,3305000.000,14393000.000,10292000.000,10923000.000,,,8625000.000,206000.000
SalesRevenueServicesGross,,,,,,,,,,,,135000.000,,,,
SalesRevenueServicesNet,,,,,,,,,,,,175000.000,,,,
SellingGeneralAndAdministrativeExpense,10131000.000,3793000.000,3191000.000,3515000.000,2686000.000,2845000.000,2675000.000,3195000.000,3318000.000,3538000.000,3718000.000,3811000.000,4726000.000,,7510000.000,5534000.000
SharesUsedInComputationOfBasicEarningsLossPerShare,40980218.000,45465728.000,53747496.000,-91068500.000,59358296.000,61860726.000,,,,,,,,,,
SharesUsedInComputationOfDilutedEarningsLossPerShare,40980218.000,45465728.000,53747496.000,-91068500.000,59358296.000,61860726.000,,,,,,,,,,
StockIssuedDuringPeriodValueIssuedForNoncashConsiderations,23000.000,,,,,,,,,,,,,,,
StockIssuedDuringPeriodValueIssuedForServices,19000.000,,,,,,68000.000,,,83000.000,,,,,,
StockIssuedDuringPeriodValueStockOptionsExercised,20000.000,,,,,,140000.000,,,34000.000,,,,,,
TechnologyServicesRevenue,,,,,,,,,,,,40000.000,,,,
WeightedAverageNumberOfDilutedSharesOutstanding,,,,,,,64747624.000,70938120.000,72677287.000,76206953.000,78528620.000,78878953.000,-155394489.000,,79875620.000,79886165.000
WeightedAverageNumberOfSharesIssuedBasic,,,,,,,64747624.000,70938120.000,72677287.000,76206953.000,78528620.000,78878953.000,,,,
WeightedAverageNumberOfSharesOutstandingBasic,,,,,,,,,,,,,,,79875620.000,79886165.000
