,2011-03-31,2011-09-30,2011-12-31,2012-03-31,2012-09-30,2012-12-31,2013-03-31,2013-06-30,2013-09-30,2013-12-31,2014-03-31,2014-06-30,2014-09-30,2014-12-31,2015-03-31,2015-06-30,2015-09-30,2015-12-31
AccretionOfDiscount,,,,,,,,,,,,,26375.000,,,,72625.000,
AmortizationOfDebtDiscountPremium,4543000.000,1514.000,,,,,,,,,,,,,,,,
CashAndCashEquivalentsPeriodIncreaseDecrease,101747000.000,-8761.000,,,-42380.000,,,,-38726.000,,,,-255878.000,,,,-16257.000,
CostOfRevenue,266224.000,230976.000,240072.000,272695.000,231102.000,264682.000,366067.000,331894.000,317209.000,431821.000,474931.000,556412.000,301363.000,500173.000,281486.000,267170.000,176831.000,95176.000
DepreciationDepletionAndAmortization,13579000.000,5087.000,,,12908.000,,,,-15800.000,,,,-16487.000,,,,-18835.000,-37875.000
DerivativeLossOnDerivative,,,,,,,,,,,,,20878.000,-12776.000,22959.000,-103682.000,-61126.000,72430.000
EarningsPerShareBasic,0.004,,0.002,-0.001,,-0.002,-0.001,,,-0.001,-0.001,,,,-0.002,,,-0.010
EarningsPerShareBasicAndDiluted,,-0.002,,,-0.000,,,,0.000,,,,-0.006,,,,-0.004,
EarningsPerShareDiluted,0.004,,0.002,-0.001,,-0.002,-0.001,,,-0.001,-0.001,,,,-0.002,,,-0.010
GainLossOnDispositionOfAssets,,,88795.000,,,,,,,,,,,,,,,
GainLossOnSaleOfDerivatives,,,,,,,,,,,,,-20877.000,,,,61126.000,
GainsLossesOnExtinguishmentOfDebt,233000.000,,,,,,,,,,,,,,,,,
GrossProfit,164305.000,121854.000,176145.000,156001.000,201740.000,166471.000,207268.000,262833.000,220144.000,295911.000,306322.000,322831.000,184682.000,331504.000,311005.000,-19791.000,50678.000,71254.000
IncomeLossFromContinuingOperationsBeforeIncomeTaxesExtraordinaryItemsNoncontrollingInterest,198490.000,,108528.000,-80235.000,-26994.000,-96580.000,-36113.000,55205.000,798.000,-61574.000,-83631.000,-189652.000,-456792.000,-218335.000,-136590.000,-521076.000,-406261.000,-270058.000
IncomeLossFromContinuingOperationsBeforeIncomeTaxesMinorityInterestAndIncomeLossFromEquityMethodInvestments,,-88840.000,,,,,,,,,,,,,,,,
IncreaseDecreaseInAccountsPayableAndAccruedLiabilities,1825000.000,4992.000,,,-56231.000,,,,-19836.000,,,,-85208.000,,,,-7403.000,
IncreaseDecreaseInAccountsReceivable,149238000.000,-68307.000,,,-30018.000,,,,82795.000,,,,4208.000,,,,74278.000,
IncreaseDecreaseInDeferredRevenue,,,,,,,,,,,,,247560.000,,,,,
IncreaseDecreaseInInventories,55521000.000,8032.000,,,-32061.000,,,,-32870.000,,,,-159522.000,,,,41668.000,
IncreaseDecreaseInOtherOperatingAssets,9032000.000,-6284.000,,,-10174.000,,,,-9773.000,,,,-223217.000,,,,-27391.000,
InterestExpense,24366.000,6208.000,7101.000,3501.000,5174.000,9878.000,8579.000,12013.000,10963.000,10158.000,20973.000,32570.000,69431.000,90167.000,83767.000,48166.000,-115957.000,-184833.000
InterestIncomeExpenseNet,,,,,,,,,-10554.000,,,,-48011.000,,,,,
InterestPaidNet,26419000.000,1898.000,,,5174.000,,,,9608.000,,,,25092.000,,,,33040.000,
NetCashProvidedByUsedInFinancingActivities,355559000.000,-7395.000,,,24535.000,,,,-101858.000,,,,71215.000,,,,106577.000,
NetCashProvidedByUsedInFinancingActivitiesContinuingOperations,355559000.000,-7395.000,,,24535.000,,,,-101858.000,,,,71215.000,,,,106577.000,
NetCashProvidedByUsedInInvestingActivities,-8268000.000,,,,-68051.000,,,,-9054.000,,,,-5454.000,,,,-2917.000,
NetCashProvidedByUsedInInvestingActivitiesContinuingOperations,-8268000.000,,,,-68051.000,,,,-9054.000,,,,-5454.000,,,,-2917.000,
NetCashProvidedByUsedInOperatingActivities,-245544000.000,-1366.000,,,1136.000,,,,72186.000,,,,-321639.000,,,,-119917.000,
NetCashProvidedByUsedInOperatingActivitiesContinuingOperations,-245544000.000,-1366.000,,,1136.000,,,,72186.000,,,,-321639.000,,,,-119917.000,
NetIncomeLoss,198490.000,-88840.000,108528.000,-80235.000,-26994.000,-96580.000,-36113.000,55205.000,798.000,-61574.000,-83631.000,-189652.000,-456792.000,-218335.000,-136590.000,-521076.000,-406261.000,-270058.000
NetIncomeLossAttributableToParentDiluted,,,,,,,,,,-61574.000,-86631.000,,,,,,,
NetIncomeLossAvailableToCommonStockholdersBasic,,,,,,-96580.000,-37212.000,,,,,,,,,,,-270058.000
NetIncomeLossAvailableToCommonStockholdersDiluted,,,,,,-96580.000,-37212.000,,,,,,,,-132770.000,,,-270058.000
NonoperatingIncomeExpense,222128.000,-6208.000,,,,,-8400.000,,,,,,,,,,,
OperatingIncomeLoss,-23638.000,-82632.000,26834.000,-71299.000,-21820.000,-86702.000,-27713.000,64719.000,11352.000,-51716.000,-64112.000,-149667.000,-408781.000,-116119.000,-81265.000,-371928.000,-230200.000,-163219.000
OtherExpenses,,,,,5174.000,,,,,,-19519.000,,,,-55325.000,,,
OtherIncome,,,,,,,,,409.000,300.000,,,542.000,727.000,,,-1022.000,-5564.000
OtherNonoperatingIncome,13494.000,,,,,,,,,,,,,,,,,
OtherNonoperatingIncomeExpense,,,,-8936.000,,,179.000,,,,1454.000,,,,5483.000,,-176061.000,
PaidInKindInterest,46107000.000,,,,,,,,,,,,,,,,,
PaymentsForRepurchaseOfCommonStock,5832000.000,,,,,,,,,,,,,,,,,
PaymentsToAcquireMachineryAndEquipment,,,,,-68051.000,,,,9054.000,,,,5454.000,,,,2917.000,
PaymentsToAcquireProductiveAssets,8268000.000,,,,,,,,,,,,,,,,,
ProceedsFromConvertibleDebt,,,,,,,,,,,,,70000.000,,,,99000.000,
ProceedsFromIssuanceOfCommonStock,397832000.000,,,,,,,,,,,,,,,,,
ProceedsFromNotesPayable,20568000.000,,,,102500.000,,,,41797.000,,,,149640.000,,,,120000.000,
ProvisionForDoubtfulAccounts,,9322.000,,,,,,,,,,,,,,,,
RepaymentsOfLongTermDebtAndCapitalSecurities,57009000.000,7395.000,,,77965.000,,,,143655.000,,,,148425.000,,,,112423.000,
Revenues,430529.000,352830.000,416217.000,428696.000,432842.000,431153.000,573335.000,594727.000,537762.000,728032.000,781253.000,879243.000,486587.000,832404.000,592491.000,247379.000,226487.000,160866.000
SalesRevenueNet,430529.000,352830.000,416217.000,428696.000,432842.000,431153.000,573335.000,594727.000,537353.000,727732.000,781253.000,879243.000,486045.000,831677.000,592491.000,247379.000,227509.000,166430.000
SellingGeneralAndAdministrativeExpense,187943.000,204486.000,149311.000,227300.000,223560.000,253173.000,234981.000,198114.000,208792.000,347627.000,370434.000,472498.000,593463.000,447623.000,392270.000,-243529.000,280878.000,234473.000
StockIssuedDuringPeriodSharesIssuedForServices,,,,,,,,,,,,,93722.000,,,,,
StockIssuedDuringPeriodSharesOther,,,,,,,,,,,,,22000.000,,,,,
StockIssuedDuringPeriodValueIssuedForServices,,,,,,,,,,,,,,,,,37800.000,
StockOptionPlanExpense,,,,,,,,,,,,,47609.000,,,,,
WeightedAverageNumberOfDilutedSharesOutstanding,56221848.000,61247626.000,60853115.000,61247288.000,,63905930.000,64470950.000,,,64397085.000,64326051.000,,,71973054.000,76559510.000,,,112180008.000
WeightedAverageNumberOfShareOutstandingBasicAndDiluted,,,,,,,,,64566650.000,,,,70506208.000,,,,90361564.000,
WeightedAverageNumberOfSharesOutstandingBasic,54954737.000,61247626.000,60433115.000,61247288.000,,63905930.000,64470950.000,,,64397085.000,64326051.000,,,71973054.000,76559510.000,,,112180008.000
