,2011-03-31,2011-06-30,2011-09-30,2011-12-31,2012-03-31,2012-06-30,2012-09-30,2012-12-31,2013-03-31,2013-09-30,2014-03-31,2014-06-30,2014-09-30,2014-12-31,2015-03-31,2015-06-30,2015-09-30,2015-12-31,2016-03-31,2016-06-30,2016-09-30,2016-12-31,2017-03-31
AdjustmentForAmortization,,,,,,,,,,,27000.000,,,,,,,,,,,,
AdjustmentsToAdditionalPaidInCapitalShareBasedCompensationStockOptionsRequisiteServicePeriodRecognition,,,,,,,,,230000.000,,164000.000,,,,371000.000,,,,193000.000,,,,260000.000
AdjustmentsToAdditionalPaidInCapitalSharebasedCompensationAndExerciseOfStockOptions,,,,,253000.000,,,,,,,,,,,,,,,,,,
AllowanceForDoubtfulAccountsReceivableChargeOffs,,,,,,,,,500000.000,,,,,,,,,,,,,,
AllowanceForLoanAndLeaseLossRecoveryOfBadDebts,,,,,,,,,,,74000.000,,,,5000.000,,,,20000.000,,,,7000.000
AmortizationOfDebtDiscountPremium,,,,,,,,,,,,,,,,,,,6000.000,,,,
AmortizationOfDeferredCharges,,,,,,,,,,,-8000.000,,,,-24000.000,,,,-23000.000,,,,16000.000
AmortizationOfDeferredSalesCommissions,,,,,,,,,,4400.000,15000.000,,,,,,,,,,,,
AmortizationOfIntangibleAssets,,,,,,,,,,,,,,,,58000.000,43000.000,,,,,,
AntidilutiveSecuritiesExcludedFromComputationOfEarningsPerShareAmount,,,,,,,1499094.000,,,,2394312.000,,,,3728290.000,,,,4426986.000,,,,4020050.000
BusinessCombinationContingentConsiderationArrangementsChangeInAmountOfContingentConsiderationLiability1,,,,,,,,,,,-20000.000,,,,-61000.000,,,,-59000.000,,,,
CashAndCashEquivalentsPeriodIncreaseDecrease,-3695000.000,,,,65000.000,,,,-1875000.000,,749000.000,,,,-821000.000,,,,-346000.000,,,,349000.000
CommonStockDividendsPerShareCashPaid,0.020,0.020,0.020,0.020,0.020,0.000,0.020,0.000,,0.000,,,,,,,,,,,,,
CostOfRevenue,6305000.000,7675000.000,2057000.000,1692000.000,1421000.000,1298000.000,1233000.000,1140000.000,1042000.000,1044000.000,930000.000,884000.000,790000.000,978000.000,861000.000,855000.000,882000.000,979000.000,913000.000,917000.000,932000.000,863000.000,802000.000
CurrentIncomeTaxExpenseBenefit,,-6162000.000,-39000.000,,-153000.000,13000.000,10000.000,-82000.000,-237000.000,23000.000,34000.000,13000.000,9000.000,21000.000,10000.000,8000.000,10000.000,-40000.000,3000.000,4000.000,4000.000,1000.000,4000.000
DeferredIncomeTaxExpenseBenefit,-1103000.000,,,,0.000,,,,,,,,,,,,,,,,,,
Depreciation,,,,,,,,,,,,,,,21000000.000,15000.000,13000.000,,6000.000,,3000.000,,3000.000
DepreciationDepletionAndAmortization,349000.000,,,,391000.000,,,,317000.000,,226000.000,,161000.000,,,,,,,,,,
Dividends,-213000.000,,,,-211000.000,,,,,,,,,,,,,,,,,,
DividendsCommonStock,,,,,211000.000,,,,0.000,,,,,,,,,,,,,,
EarningsPerShareBasic,-0.170,-0.880,0.430,0.030,0.020,-0.010,-0.080,-0.300,-0.040,-0.150,-0.150,-0.130,-0.130,-0.160,-0.090,-0.080,-0.080,-0.100,-0.070,-0.060,-0.050,-0.030,-0.040
EarningsPerShareDiluted,-0.170,-0.880,0.420,0.040,0.020,-0.010,-0.080,-0.300,-0.040,-0.150,-0.150,-0.130,-0.130,-0.160,-0.090,-0.080,-0.080,-0.100,-0.070,-0.060,-0.050,-0.030,-0.040
EffectiveIncomeTaxRateReconciliationAtFederalStatutoryIncomeTaxRate,,,,,,0.130,0.010,,0.405,-0.014,-0.021,-0.009,-0.006,0.376,-0.009,0.008,0.010,,-0.003,0.005,0.006,,0.007
FinitelivedIntangibleAssetsAcquired1,,,,,,,,,,,688000.000,,,,,,,,,,,,
GainLossOnSaleOfPropertyPlantEquipment,,,,,,,,,,,1000.000,,,,0.000,,,,,,,,
GeneralAndAdministrativeExpense,2759000.000,3333000.000,3276000.000,2847000.000,3033000.000,2741000.000,2440000.000,4014000.000,1438000.000,1745000.000,1750000.000,1548000.000,1549000.000,1880000.000,1560000.000,1375000.000,1309000.000,1618000.000,1291000.000,1274000.000,1140000.000,1195000.000,1171000.000
GoodwillAndIntangibleAssetImpairment,,,,,,,,,,265000.000,,,,,,,,,,,,,
GoodwillImpairmentLoss,,,,,,,,,,265000.000,,,0.000,,,,,,,,,,
IncomeLossFromContinuingOperations,-4131000.000,,,,,,,,,,,,,,,,,,,,,,
IncomeLossFromContinuingOperationsBeforeIncomeTaxesExtraordinaryItemsNoncontrollingInterest,,,,,,-104000.000,-796000.000,,-635000.000,,,,,,,,,,,,,,
IncomeLossFromContinuingOperationsBeforeIncomeTaxesMinorityInterestAndIncomeLossFromEquityMethodInvestments,-2973000.000,-3183000.000,4546000.000,432000.000,44000.000,-104000.000,-796000.000,-3297000.000,-635000.000,-1636000.000,-1598000.000,-1481000.000,-1493000.000,-1727000.000,-1160000.000,-1052000.000,-1033000.000,-1308000.000,-865000.000,-774000.000,-617000.000,-524000.000,-539000.000
IncomeTaxExpenseBenefit,,,,,,,10000.000,,-237000.000,-23000.000,-34000.000,13000.000,9000.000,89000.000,-10000000.000,8000.000,10000.000,9970000.000,-3000.000,-4000000.000,-4000.000,4019000.000,-4000.000
IncomeTaxesPaid,-618000.000,,,,-4000.000,,,,-342000.000,,-11000.000,,,,-6000.000,,,,-2000.000,,,,0.000
IncreaseDecreaseInAccountsReceivable,,,,,-3179000.000,,,,-1242000.000,,-359000.000,,,,-88000.000,,,,112000.000,,,,51000.000
IncreaseDecreaseInAccruedIncomeTaxesPayable,,,,,,,,,,,,,,,5000.000,,,,0.000,,,,4000.000
IncreaseDecreaseInDeferredRevenue,2397000.000,,,,-3197000.000,,,,-1269000.000,,-333000.000,,,,-27000.000,,,,-35000.000,,,,137000.000
IncreaseDecreaseInIncomeTaxesReceivable,641000.000,,,,-18000.000,,,,-358000.000,,0.000,,,,,,,,,,,,
IncreaseDecreaseInInventories,27000.000,,,,31000.000,,,,-57000.000,,-71000.000,,,,-23000.000,,,,-5000.000,,,,124000.000
IncreaseDecreaseInOtherAccountsPayableAndAccruedLiabilities,1351000.000,,,,-128000.000,,,,-1344000.000,,-84000.000,,,,-134000.000,,,,353000.000,,,,-14000.000
IncreaseDecreaseInOtherAccruedLiabilities,-831000.000,,,,,,,,,,,,,,,,,,,,,,
IncreaseDecreaseInOtherCurrentAssets,,,,,,,,,,,,,,,,,,,-1000.000,,,,
IncreaseDecreaseInOtherDeferredLiability,-36000.000,,,,,,,,,,,,,,,,,,,,,,
IncreaseDecreaseInOtherNoncurrentAssets,,,,,-2000.000,,,,-6000.000,,-26000.000,,,,65000.000,,,,-21000.000,,,,
IncreaseDecreaseInOtherNoncurrentLiabilities,,,,,0.000,,,,,,,,,,,,,,,,,,
IncreaseDecreaseInOtherOperatingAssets,,,,,,,,,,,,,,,,,,,,,,,-16000.000
IncreaseDecreaseInOtherReceivables,-1725000.000,,,,,,,,,,,,,,,,,,,,,,
IncreaseDecreaseInPrepaidDeferredExpenseAndOtherAssets,,,,,-135000.000,,,,107000.000,,45000.000,,,,30000.000,,,,-41000.000,,,,-134000.000
IncreaseDecreaseInRestrictedCash,,,,,,,,,,,-3000.000,,,,-2000.000,,,,-12000.000,,,,0.000
IncrementalCommonSharesAttributableToCallOptionsAndWarrants,,,,,,,0.000,,0.000,0.000,0.000,,0.000,,,,,,,,,,
InterestExpense,-1000.000,-1000.000,0.000,4000.000,0.000,0.000,0.000,,,,,,,,10000.000,3000.000,3000.000,12000.000,35000.000,31000.000,39000.000,33000.000,35000.000
InterestIncomeExpenseNet,1153000.000,,,,,,,,,,,,,,,,,,,,,,
InterestPaid,1000.000,,,,0.000,,,,,,,,,,,,,,,,,,
InventoryWriteDown,,,,,,,,,35000.000,,,,,,,,,,,,,,
InvestmentIncomeInterest,,1316000.000,1306000.000,,742000.000,524000.000,383000.000,258000.000,219000.000,78000.000,48000.000,37000.000,37000.000,28000.000,6000.000,7000.000,6000.000,5000.000,4000.000,4000.000,4000.000,3000.000,3000.000
IssuanceOfStockAndWarrantsForServicesOrClaims,174000.000,,,,253000.000,,,,230000.000,,164000.000,,,,,,,,,,,,
LeaseAndRentalExpense,,,,,,,,,,,19000000.000,57000000.000,57000.000,,30000000.000,30000.000,23000.000,,30000.000,30000000.000,87000.000,,38000.000
LossContingencyAccrualCarryingValuePeriodIncreaseDecrease,,,,,,,,,-606000.000,,,,,,,,,,,,,,
NetCashProvidedByUsedInFinancingActivities,-278000.000,,,,124000.000,,,,-3000.000,,23000.000,,,,-61000.000,,,,-97000.000,,,,149000.000
NetCashProvidedByUsedInFinancingActivitiesContinuingOperations,-278000.000,,,,124000.000,,,,-3000.000,,23000.000,,,,-61000.000,,,,-97000.000,,,,149000.000
NetCashProvidedByUsedInInvestingActivities,-110000.000,,,,-711000.000,,,,-54000.000,,2004000.000,,,,-4000.000,,,,12000.000,,,,252000.000
NetCashProvidedByUsedInInvestingActivitiesContinuingOperations,-110000.000,,,,-711000.000,,,,-54000.000,,2004000.000,,,,-4000.000,,,,12000.000,,,,252000.000
NetCashProvidedByUsedInOperatingActivities,-3307000.000,,,,652000.000,,,,-1818000.000,,-1278000.000,,,,-756000.000,,,,-261000.000,,,,-52000.000
NetCashProvidedByUsedInOperatingActivitiesContinuingOperations,-3307000.000,,,,652000.000,,,,-1818000.000,,-1278000.000,,,,-756000.000,,,,-261000.000,,,,-52000.000
NetIncomeLoss,-1851000.000,-9345000.000,4507000.000,459000.000,197000.000,-117000.000,-806000.000,-3215000.000,-398000.000,-1659000.000,-1632000.000,-1494000.000,-1502000.000,-1748000.000,-1170000.000,-1060000.000,-1043000.000,-1268000.000,-868000.000,-778000.000,-621000.000,-525000.000,-543000.000
NonoperatingIncomeExpense,,1276000.000,1250000.000,,770000.000,510000.000,419000.000,263000.000,212000.000,98000.000,77000.000,82000.000,61000.000,80000.000,215000.000,33000.000,19000.000,19000.000,4000.000,2000.000,-8000.000,-15000.000,-30000.000
OperatingExpenses,18699000.000,21955000.000,6946000.000,6315000.000,5981000.000,5528000.000,5080000.000,6693000.000,3869000.000,4162000.000,3747000.000,3371000.000,3279000.000,3796000.000,3227000.000,2975000.000,3024000.000,3436000.000,3043000.000,3043000.000,2942000.000,2854000.000,2853000.000
OperatingIncomeLoss,,-4459000.000,3296000.000,,-726000.000,-614000.000,-1215000.000,-3560000.000,-847000.000,-1734000.000,-1675000.000,-1563000.000,-1554000.000,-1807000.000,-1375000.000,-1085000.000,-1052000.000,-1327000.000,-869000.000,-776000.000,-609000.000,-509000.000,-509000.000
OtherNonoperatingExpense,,-39000.000,-56000.000,,,,,,,,,,,,,,,,,,,,
OtherNonoperatingIncome,6000.000,,,,,,,,,,,,,,,,,,,,,,
OtherNonoperatingIncomeExpense,1158000.000,,,,28000.000,-14000.000,36000.000,5000.000,-7000.000,20000.000,29000.000,45000.000,24000.000,52000.000,219000.000,29000.000,16000.000,26000.000,35000.000,29000.000,27000.000,15000.000,2000.000
OtherOperatingIncomeExpenseNet,,,,,,510000.000,419000.000,,212000.000,,,,,,,,,,,,,,
PaymentsForRepurchaseOfCommonStock,-89000.000,,,,0.000,,,,,,,,,,,,,,,,,,
PaymentsForRepurchaseOfOtherEquity,0.000,,,,,,,,,,,,,,,,,,,,,,
PaymentsOfDividends,-214000.000,,,,211000.000,,,,0.000,,,,,,,,,,,,,,
PaymentsToAcquireInterestInSubsidiariesAndAffiliates,-56000.000,,,,0.000,,,,,,,,,,,,,,,,,,
PaymentsToAcquireMachineryAndEquipment,-54000.000,,,,711000.000,,,,55000.000,,0.000,,,,6000.000,,,,0.000,,,,
PaymentsToAcquirePropertyPlantAndEquipment,57000.000,,,,125000.000,,,,6000.000,,0.000,,,,,,,,,,,,
PaymentsToAcquireRestrictedCertificatesOfDeposit,,,,,,,,,,,1000.000,,,,,,,,,,,,
ProceedsFromNotesPayable,,,,,,,,,,,,,,,,,,,,,,,25000.000
ProceedsFromPaymentsForInInterestBearingDepositsInBanks,,,,,,,,,,,,,,,0.000,,,,,,,,
ProceedsFromSaleAndMaturityOfOtherInvestments,,,,,,,,,,,,,,,,,,,,,,,252000.000
ProceedsFromSaleOfPropertyPlantAndEquipment,,,,,,,,,1000.000,,2002000.000,,,,0.000,,,,,,,,
ProceedsFromStockOptionsExercised,25000.000,,,,336000.000,,,,3000.000,,43000.000,,,,0.000,,,,,,,,166000.000
ProfitLoss,-1851000.000,,,,197000.000,,,,,,,,,,,,,,,,,,
RepaymentsOfNotesPayable,,,,,,,,,,,,,,,,,,,38000.000,,,,42000.000
ResearchAndDevelopmentExpense,872000.000,871000.000,807000.000,712000.000,594000.000,505000.000,420000.000,466000.000,481000.000,396000.000,414000.000,435000.000,394000.000,361000.000,203000.000,165000.000,209000.000,202000.000,229000.000,216000.000,189000.000,192000.000,190000.000
Revenues,14568000.000,17496000.000,10242000.000,5718000.000,5255000.000,4914000.000,3865000.000,3133000.000,3022000.000,2428000.000,2072000.000,1808000.000,1725000.000,1989000.000,1852000.000,1890000.000,1972000.000,2109000.000,2174000.000,2267000.000,2333000.000,2345000.000,2344000.000
SalesRevenueNet,14568000.000,17496000.000,10242000.000,5718000.000,5255000.000,4914000.000,3865000.000,3133000.000,3022000.000,2428000.000,2072000.000,1808000.000,1725000.000,1989000.000,1852000.000,1890000.000,1972000.000,2109000.000,2174000.000,2267000.000,2333000.000,2345000.000,2344000.000
SellingAndMarketingExpense,8763000.000,10076000.000,806000.000,1064000.000,933000.000,984000.000,987000.000,1073000.000,908000.000,712000.000,653000.000,504000.000,546000.000,577000.000,603000.000,580000.000,624000.000,637000.000,610000.000,636000.000,681000.000,604000.000,690000.000
StockIssuedDuringPeriodSharesEmployeeStockPurchasePlans,174.000,,,,,,,,,,,,,,,,,,,,,,
StockIssuedDuringPeriodSharesRestrictedStockAwardForfeited,,,,,,7000.000,,,,,,,,,,,,,,,,,
StockIssuedDuringPeriodValueAcquisitions,,,,,,,,,,,,,,,,,,,40000.000,,,,
StockIssuedDuringPeriodValueOther,,,,,,,,,,,,,,,40000.000,,,,,,,,
StockIssuedDuringPeriodValueRestrictedStockAwardNetOfForfeitures,25000.000,,,,336000.000,,,,,,,,,,,,,,,,,,
StockIssuedDuringPeriodValueShareBasedCompensation,,,,,,,,,,,,,,,,,,,,,,,166000.000
StockIssuedDuringPeriodValueStockOptionsExercised,,,,,,,,,3000.000,,43000.000,,,,,,,,,,,,
StockOptionPlanExpense,,,,,,,,,,,,,,,371000.000,,,,193000.000,,,,260000.000
StockRepurchasedDuringPeriodValue,-89000.000,,,,,,,,,,,,,,,,,,,,,,
WeightedAverageNumberOfDilutedSharesOutstanding,10638597.000,10642384.000,10611254.000,-21296004.000,10566273.000,10634104.000,10666816.000,-21241663.000,10669513.000,10713961.000,10912334.000,11173762.000,11220674.000,-22143178.000,12698934.000,12700624.000,13207041.000,-25645974.000,13243880.000,13292334.000,13411569.000,-26589472.000,13699389.000
WeightedAverageNumberOfSharesEmployeeStockOwnershipPlanSharesNotCommittedToBeReleased,,,,,,0.000,,,,,,,,,,,,,,,,,
WeightedAverageNumberOfSharesIssuedBasic,,,,,,106411104.000,10669200.000,,10669513.000,10713961.000,10912334.000,,11220674.000,,,,,,,,,,
WeightedAverageNumberOfSharesOutstandingBasic,10638597.000,10642384.000,10589132.000,-21273882.000,10530066.000,10634104.000,10666816.000,-21205456.000,10669513.000,10713961.000,10912334.000,11173762.000,11220674.000,-22143178.000,12698934.000,12700624.000,13207041.000,-25645974.000,13243880.000,13292334.000,13411569.000,-26589472.000,13699389.000
WeightedAverageNumberOfSharesRestrictedStock,,,,,,-7000.000,-2384.000,,0.000,0.000,0.000,,,,,,,,,,,,
