,2011-06-30,2011-09-30,2012-03-31,2012-06-30,2012-09-30,2012-12-31,2013-03-31,2013-06-30,2013-09-30,2013-12-31,2014-03-31,2014-06-30,2014-09-30,2014-12-31,2015-03-31,2015-06-30,2015-09-30,2015-12-31,2016-03-31,2016-06-30,2016-09-30,2016-12-31,2017-03-31
AdjustmentsNoncashItemsToReconcileNetIncomeLossToCashProvidedByUsedInOperatingActivities,,,,,,,,,,,,,,,,,,,,,,,-20142.000
AdjustmentsToAdditionalPaidInCapitalSharebasedCompensationRequisiteServicePeriodRecognitionValue,,,94674.000,,,,-34706.000,,,,,,,,,,,,121455.000,,,,81959.000
AdjustmentsToAdditionalPaidInCapitalWarrantIssued,,,13221.000,,,,,,,,,,,,,,,,,,,,
AdvertisingExpense,,,,,,,,,,,,,,,,,,,7000.000,196000.000,7000.000,29000.000,143000.000
AllocatedShareBasedCompensationExpense,,,,,,,9200.000,,,,,,,,,,,,,,,,
AmortizationOfDebtDiscountPremium,,,,,,,,,,,,,,,,,,,4000.000,4000.000,4000.000,3000.000,3200.000
AmortizationOfIntangibleAssets,,,,,,,,,,,,,,,,,,,,,,,191173.000
AmountOfDilutiveSecuritiesStockOptionsAndRestrictiveStockUnits,,,,,,,1592360.000,,,,,,,,,,,,,,,,
AssetImpairmentCharges,,,98884.000,,,,0.000,,,,,,,,,,,,,,,,
CashAcquiredFromAcquisition,,,,,,,,,,,,,,,,,,,,,,,-3250000.000
CashAndCashEquivalentsPeriodIncreaseDecrease,,,353451.000,,,,-96625.000,,,,316785.000,,,,3947.000,,,,77096.000,,,,3478784.000
CostOfGoodsAndServicesSold,298992.000,325309.000,984498.000,1460415.000,1905767.000,3130108.000,3506857.000,,,,,,,,,,,,,,,,
CostOfGoodsSold,,,,,,,,,2146270.000,,2579632.000,2454307.000,1906756.000,2874893.000,2653132.000,2359966.000,1210777.000,1451389.000,1196696.000,1343069.000,1158998.000,1299919.000,2153580.000
CostOfGoodsSoldAmortization,,,,,,,,,,,,,,,,,,,73000.000,73000.000,73000.000,72000.000,73000.000
CurrentFederalTaxExpenseBenefit,,,,,,,267095.000,,3000.000,,,,-2317.000,,0.000,,0.000,,,,,,
CurrentIncomeTaxExpenseBenefit,,,,,,,355780.000,,4000.000,,,,-27759.000,,-50.000,,0.000,,,,,,
CurrentStateAndLocalTaxExpenseBenefit,,,,,,,88685.000,,1000.000,,,,-25442.000,,-50.000,,0.000,,,,,,
DebtInstrumentConvertibleInterestExpense,,,,1198.000,,,,,,,,,,,,,,,,,,,
Depreciation,,,3481.000,3500.000,3600.000,3669.000,3634.000,,,,,,1700.000,,2100.000,,,,1871.000,1900.000,2000.000,1836.000,32295.000
DepreciationDepletionAndAmortization,,,,,,,,,,,1249.000,,,,2076.000,,,,,,,,
EarningsPerShareBasic,,,,0.010,-0.010,,0.060,0.030,0.000,-0.010,-0.020,0.010,-0.020,-0.070,-0.010,0.010,-0.030,-0.030,-0.000,-0.020,-0.010,-0.010,-0.010
EarningsPerShareBasicAndDiluted,0.000,0.000,-0.001,,-0.010,,,,,,,,-0.020,,-0.010,,,,0.000,-0.020,-0.010,-0.010,-0.010
EarningsPerShareDiluted,,,,0.000,-0.010,,0.050,0.030,0.000,-0.010,-0.020,0.010,-0.020,-0.070,-0.010,0.010,-0.030,-0.030,-0.000,-0.020,-0.010,-0.010,-0.010
EffectOfExchangeRateOnCashAndCashEquivalents,,,,,,,,,,,,,,,,,,,,,,,-6427.000
EmployeeServiceShareBasedCompensationAllocationOfRecognizedPeriodCostsCapitalizedAmount,,,,,,,85000.000,,,,,,,,,,,,,,,,
ExtendedProductWarrantyAccrualWarrantiesIssued,,,,,,,,,,,,,,,,,,,18966.000,,,,43386.000
FinancingReceivablesImpairedTroubledDebtRestructuringWriteDown,,,,,,,0.000,,,,,,,,,,,,,,,,
GainLossOnSaleOfPropertyPlantEquipment,,,,,,,,,,,,,,,,,,,,,,,3228.000
GeneralAndAdministrativeExpense,305892.000,284323.000,542833.000,628192.000,1066533.000,2109494.000,1946605.000,2020865.000,1785146.000,2114881.000,1948306.000,1874491.000,1843469.000,2052226.000,1657193.000,1413117.000,1178289.000,1132220.000,959317.000,1081419.000,1035752.000,1181689.000,2482269.000
GrossProfit,388150.000,418990.000,1670813.000,2376083.000,4383834.000,7008868.000,8893376.000,7511136.000,6154042.000,6896719.000,7242868.000,5362753.000,4141287.000,5759816.000,6210784.000,4900050.000,2405103.000,2904968.000,2526948.000,3201023.000,3044532.000,3017551.000,5493539.000
ImpairmentOfLongLivedAssetsHeldForUse,,,,,,,,,,,,,,,,,,,0.000,0.000,0.000,,
IncomeLossFromContinuingOperationsBeforeIncomeTaxesDomestic,,,,,,,,361173.000,,,,,,,,286630.000,,,,,,,
IncomeLossFromContinuingOperationsBeforeIncomeTaxesExtraordinaryItemsNoncontrollingInterest,,,,112474.000,-217200.000,,1524339.000,,104996.000,,-508656.000,158916.000,-529279.000,-1425977.000,-270136.000,,-821945.000,,-88678.000,-601172.000,-261597.000,-44897.000,-367618.000
IncomeLossFromExtraordinaryItemsNetOfTaxPerBasicShare,,,,,,,,,0.000,,,,,,,,,,,,,,
IncomeLossFromExtraordinaryItemsNetOfTaxPerDilutedShare,,,,,,,,,0.000,,,,,,,,,,,,,,
IncomeTaxExaminationPenaltiesAndInterestExpense,,,,,,,,,,,,,,,,,,,0.000,0.000,0.000,0.000,0.000
IncomeTaxExpenseBenefit,,,,0.000,0.000,,355780.000,-287736.000,4488.000,-127500.000,7000.000,0.000,-27759.000,6.000,-50.000,0.000,0.000,,,,,,
IncomeTaxesPaid,,,,,,,,,,,6585.000,,,,50.000,,,,,,,,
IncreaseDecreaseInAccountsPayableAndAccruedLiabilities,,,177084.000,,,,-1106218.000,,,,,,,,285052.000,,,,-189136.000,,,,1237689.000
IncreaseDecreaseInAccountsReceivable,,,343281.000,,,,1385565.000,,,,-914151.000,,,,-724928.000,,,,303256.000,,,,1513293.000
IncreaseDecreaseInAccruedIncomeTaxesPayable,,,,,,,,,,,0.000,,,,,,,,,,,,
IncreaseDecreaseInAccruedTaxesPayable,,,,,,,307655.000,,,,,,,,,,,,,,,,
IncreaseDecreaseInDeferredRevenue,,,-18182.000,,,,93174.000,,,,132103.000,,,,-85254.000,,,,224166.000,,,,363628.000
IncreaseDecreaseInInventories,,,-64125.000,,,,154540.000,,,,-137732.000,,,,-519625.000,,,,-238636.000,,,,-295405.000
IncreaseDecreaseInOtherReceivables,,,,,,,,,,,,,,,,,,,,,,,-589162.000
IncreaseDecreaseInPrepaidDeferredExpenseAndOtherAssets,,,142458.000,,,,-36529.000,,,,,,,,-48594.000,,,,79874.000,,,,286750.000
InterestIncomeExpenseNet,,,,,,,,,,,,-1526.000,-1579.000,,134.000,113.000,133.000,277.000,3782.000,-3455.000,-3274.000,-10640.000,-49047.000
InterestPaid,,,1011.000,,,,6839.000,,,,,,,,,,,,,,,,
InterestPaidNet,,,,,,,,,,,3759.000,,,,0.000,,,,,,,,
InvestmentIncomeInterest,1.000,0.000,-1006.000,-8147.000,-8160.000,-8810.000,-6705.000,-5970.000,-5025.000,-4794.000,-3370.000,,,,,,,,,,,,
LeaseAndRentalExpense,,,,,,,,,,,,,,,,,,,13700.000,14000.000,14000.000,13300.000,82000.000
MarketingExpense,,,,,,,,,,,,,,,214000.000,,,,844000.000,1723000.000,1444000.000,954000.000,1632000.000
NetCashProvidedByUsedInFinancingActivities,,,416116.000,,,,11031.000,,,,100863.000,,,,631660.000,,,,-75000.000,,,,6907930.000
NetCashProvidedByUsedInFinancingActivitiesContinuingOperations,,,416116.000,,,,11031.000,,,,100863.000,,,,631660.000,,,,-75000.000,,,,6907930.000
NetCashProvidedByUsedInInvestingActivities,,,-1211.000,,,,-4000.000,,,,-9428.000,,,,0.000,,,,,,,,-3556583.000
NetCashProvidedByUsedInInvestingActivitiesContinuingOperations,,,-1211.000,,,,-4000.000,,,,-9428.000,,,,0.000,,,,,,,,-3556583.000
NetCashProvidedByUsedInOperatingActivities,,,-61454.000,,,,-103656.000,,,,225350.000,,,,-627713.000,,,,152096.000,,,,133864.000
NetCashProvidedByUsedInOperatingActivitiesContinuingOperations,,,-61454.000,,,,-103656.000,,,,225350.000,,,,-627713.000,,,,152096.000,,,,133864.000
NetIncomeLoss,5588.000,55546.000,-21608.000,112474.000,-217200.000,-424114.000,1168559.000,648909.000,100508.000,-272098.000,-515241.000,158916.000,-501520.000,-1426398.000,-270186.000,,-821945.000,,-88678.000,-601172.000,-261597.000,-44897.000,-367618.000
NetIncomeLossAvailableToCommonStockholdersBasic,,,,,,,,,100508.000,,,,-501520.000,,-270186.000,,,,,,,,
NetIncomeLossAvailableToCommonStockholdersDiluted,,,,113672.000,,,1175398.000,,,,,,,,,,,,,,,,
NoncashOrPartNoncashAcquisitionIntangibleAssetsAcquired1,,,,,,,,,,,,,,,,,,,1200000.000,,,,
NonoperatingIncomeExpense,,,-1006.000,,,,,,,,,,,,,,,,,,,,
OperatingExpenses,382563.000,363444.000,1691415.000,2255462.000,4592874.000,7375572.000,7362332.000,7143993.000,6044021.000,7181587.000,7748154.000,5202311.000,4668987.000,7185165.000,6481054.000,4613533.000,3227181.000,3487365.000,2611844.000,3798740.000,3302855.000,3059372.000,5872213.000
OperatingIncomeLoss,5587.000,55546.000,-20602.000,120621.000,-209040.000,-366704.000,1531044.000,367143.000,110021.000,-284868.000,-505286.000,160442.000,-527700.000,-1425349.000,-270270.000,286517.000,-822078.000,-582397.000,-84896.000,-597717.000,-258323.000,-41821.000,-378674.000
OperatingLeasesRentExpenseNet,,,,6140.000,7430.000,,9600.000,,,,,,,,,,,,,,,,
OtherAmortizationOfDeferredCharges,,,,,,,,,,,,,,,,,,,72738.000,,,,
OtherComprehensiveIncomeLossBeforeTax,,,,,,,,,,,,,,,,,,,,,,,-5417.000
OtherComprehensiveIncomeLossForeignCurrencyTransactionAndTranslationAdjustmentNetOfTax,,,,,,,,,,,,,,,,,,,,,,,-5417.000
OtherComprehensiveIncomeLossNetOfTax,,,,,,,,,,,,,,,,,,,,,,,-373035.000
OtherNoncashExpense,,,,,,,,,,,,,,,,,,,4219.000,,,,50122.000
PartnersCapitalAccountPublicSaleOfUnitsNetOfOfferingCosts,,,,,,,,,,,,,,,,,,,,,,,17070.000
PaymentForContingentConsiderationLiabilityInvestingActivities,,,,,,,,,,,,,,,,,,,,,,,249507.000
PaymentsToAcquireProductiveAssets,,,1211.000,,,,4000.000,,,,,,,,,,,,,,,,
PaymentsToAcquirePropertyPlantAndEquipment,,,,,,,,,,,-9428.000,,,,0.000,,,,,,,,57076.000
ProceedsFromIssuanceOfCommonStock,,,388500.000,,,,0.000,,,,,,,,,,,,,,,,6982930.000
ProceedsFromLinesOfCredit,,,,,,,,,,,,,,,500000.000,,,,,,,,
ProceedsFromPaymentsForLongTermLoansForRelatedParties,,,40000.000,,,,0.000,,,,,,,,,,,,,,,,
ProceedsFromRepaymentsOfRelatedPartyDebt,,,-7509.000,,,,0.000,,,,,,,,,,,,,,,,
ProceedsFromStockOptionsExercised,,,,,,,96200.000,,,,46280.000,,,,56660.000,,,,,,,,
ProceedsFromWarrantExercises,,,,,,,,,,,129583.000,,,,75000.000,,,,,,,,
ProfitLoss,,,,,,,,,,,-515241.000,,,,,286630.000,,,,,,,
ProvisionForDoubtfulAccounts,,,116273.000,,,,963441.000,,,,631275.000,,,,581507.000,,,,189950.000,,,,319330.000
RepaymentsOfNotesPayable,,,4875.000,,,,30169.000,,,,0.000,,,,,,,,,,,,
RepaymentsOfOtherDebt,,,,,,,,,,,-75000.000,,,,,,,,,,,,
RepaymentsOfRelatedPartyDebt,,,,,,,55000.000,,,,,,,,0.000,,,,75000.000,,,,75000.000
ResearchAndDevelopmentExpense,,,,,,,19000.000,,,,,,,,,,,,29000.000,28000.000,31000.000,23000.000,44000.000
RestructuringReservePeriodIncreaseDecrease,,,-10200.000,,,,-10200.000,,,,,,,,,,,,,,,,
Revenues,687142.000,744299.000,2655311.000,3836498.000,6289601.000,10138976.000,12400233.000,10455115.000,8300312.000,9808467.000,9822500.000,7817060.000,6048043.000,8634709.000,8863916.000,7260016.000,3615880.000,4356357.000,3723644.000,4544092.000,4203530.000,4317470.000,7647119.000
SalesRevenueNet,687142.000,744299.000,2655311.000,3836498.000,6289601.000,10138976.000,12400233.000,10455115.000,8300312.000,9808467.000,9822500.000,7817060.000,6048043.000,8634709.000,8863916.000,7260016.000,3615880.000,4356357.000,3723644.000,4544092.000,4203530.000,4317470.000,7647119.000
SellingAndMarketingExpense,76671.000,79121.000,1148582.000,1627270.000,3526341.000,5266078.000,5468993.000,5123128.000,4258875.000,5013440.000,5799848.000,3327820.000,2825518.000,5132939.000,4823861.000,3200416.000,2048892.000,2355145.000,1652527.000,2717321.000,2267103.000,1877683.000,3389944.000
ShareBasedCompensation,,,113312.000,,,,-20125.000,,,,199777.000,,,,162439.000,,,,121455.000,,,,81959.000
ShareBasedCompensationArrangementByShareBasedPaymentAwardFairValueAssumptionsDiscountForPostvestingRestrictions,,,,,,,,,,,,,,,,,,,0.050,,,,
ShareBasedCompensationArrangementByShareBasedPaymentAwardFairValueAssumptionsExpectedDividendRate,,,,,,,,,,,,,,,,,,,0.000,,,,
ShareBasedCompensationArrangementByShareBasedPaymentAwardFairValueAssumptionsExpectedVolatilityRate,,,,,,,,,,,,,,,,,,,1.560,,,,
ShareBasedCompensationArrangementByShareBasedPaymentAwardFairValueAssumptionsRiskFreeInterestRate,,,,,,,,,,,,,,,,,,,0.019,,,,
ShareBasedCompensationArrangementByShareBasedPaymentAwardOptionsGrantsInPeriodGross,,,,,,,,,,,,,,,,,,,50000.000,,,,
ShareBasedCompensationArrangementByShareBasedPaymentAwardOptionsGrantsInPeriodWeightedAverageGrantDateFairValue,,,,,,,,,,,,,,,,,,,0.210,,,,
SharebasedCompensationArrangementBySharebasedPaymentAwardOptionsNonvestedOptionsForfeitedNumberOfShares,,,,,,,,,,,,,,,,,,,,,,,-5000.000
SharebasedCompensationArrangementBySharebasedPaymentAwardOptionsNonvestedOptionsForfeitedWeightedAverageGrantDateFairValue,,,,,,,,,,,,,,,,,,,,,,,0.220
SharebasedCompensationArrangementBySharebasedPaymentAwardOptionsVestedNumberOfShares,,,,,,,,,,,,,,,,,,,41667.000,,,,50000.000
SharebasedCompensationArrangementBySharebasedPaymentAwardOptionsVestedWeightedAverageGrantDateFairValue,,,,,,,,,,,,,,,,,,,0.220,,,,0.210
ShippingAndHandlingRevenue,,,,440000.000,947000.000,,1187000.000,,,,,,,,1221000.000,,,,415000.000,647000.000,571000.000,464000.000,628000.000
ShippingHandlingAndTransportationCosts,,,,238000.000,497000.000,,1043000.000,,,,,,415000.000,,630000.000,,,,197000.000,230000.000,232000.000,202000.000,405000.000
StockIssuedDuringPeriodSharesRestrictedStockAwardForfeited,,,,,,,,,31241.000,,,,,,,,,,,,,,
StockIssuedDuringPeriodValueNewIssues,,,388500.000,,,,,,,,,,,,,,,,,,,,6982930.000
StockIssuedDuringPeriodValuePurchaseOfAssets,,,,,,,,,,,,,,,,,,,,,,,850000.000
StockIssuedDuringPeriodValueShareBasedCompensation,,,5417.000,,,,,,,,,,,,,,,,,,,,336000.000
StockIssuedDuringPeriodValueStockOptionsExercised,,,,,,,96200.000,,,,,,,,,,,,,,,,
TangibleAssetImpairmentCharges,,,,,,,0.000,,,,,,,,,,,,,,,,
UnrecognizedTaxBenefitsIncomeTaxPenaltiesAndInterestExpense,,,,0.000,,,,,,,,,,,,,,,,,,,
WeightedAverageNumberDilutedSharesOutstandingAdjustment,,,,,,,,,24252780.000,,,,,,,,,,,,,,
WeightedAverageNumberOfDilutedSharesOutstanding,,,,24002893.000,20647756.000,,22713762.000,24533069.000,24252780.000,-46772893.000,22555242.000,25995925.000,23183650.000,-48647711.000,23914121.000,26561329.000,24693678.000,-50190061.000,28148074.000,28202739.000,28202739.000,-56339877.000,44067195.000
WeightedAverageNumberOfShareOutstandingBasicAndDiluted,,,,,20647756.000,,,,,,,,23183650.000,,23914121.000,,,,28148074.000,28202739.000,28202739.000,-56339877.000,44067195.000
WeightedAverageNumberOfSharesIssuedBasic,,,,,,,,21706087.000,,,,,,,,,,,,,,,
WeightedAverageNumberOfSharesOutstandingBasic,,,,20647756.000,20647756.000,,21011274.000,,21718315.000,,22555242.000,23163316.000,23183650.000,-45815102.000,23914121.000,24340451.000,24693678.000,-47969183.000,28148074.000,28202739.000,28202739.000,-56339877.000,44067195.000
