,2011-06-30,2011-09-30,2012-03-31,2012-06-30,2012-09-30,2012-12-31,2013-03-31,2013-06-30,2013-09-30,2013-12-31,2014-03-31,2014-06-30,2014-09-30,2014-12-31,2015-03-31,2015-06-30,2015-09-30,2015-12-31,2016-03-31,2016-06-30,2016-09-30,2016-12-31,2017-03-31
AccretionAmortizationOfDiscountsAndPremiumsInvestments,,,,,,,-1206.000,,,,0.000,,,,,,,,,,,,
AdjustmentsToAdditionalPaidInCapitalConvertibleDebtWithConversionFeature,,,,,,,,,,,,,,,43333.000,,,,,,,,248523.000
AdjustmentsToAdditionalPaidInCapitalShareBasedCompensationStockOptionsRequisiteServicePeriodRecognition,,,,,,,,,,,,,,,,,,,67193.000,,,,28883.000
AdjustmentsToAdditionalPaidInCapitalWarrantIssued,,,,,,,,,,,,,,,,,,,137970.000,,,,
AdjustmentsToReconcileNetIncomeLossToCashProvidedByUsedInOperatingActivities,,,529805.000,,,,-499414.000,,,,29319.000,,,,-39892.000,,,,-13196.000,,,,-99353.000
AdvertisingExpense,,,,8857.000,15647.000,,3374.000,6698.000,14684.000,12942.000,1889.000,1541.000,0.000,0.000,1867.000,0.000,12.000,57.000,0.000,946.000,641.000,140.000,12000.000
AllocatedShareBasedCompensationExpense,,,,,,,,,,,,,200000.000,,,,,,,,,,
AllowanceForLoanAndLeaseLossRecoveryOfBadDebts,,,,,,,,,,,0.000,,,,,,,,,,,,
AllowanceForLoanAndLeaseLossesRecoveriesOfBadDebts,,,,,,,6575.000,,,,,,,,,,,,,,,,
AmortizationOfDebtDiscountPremium,,,,,,,23252.000,,,,,,,,,,,,,,,,
AmortizationOfDeferredCharges,,,2502.000,,,,2079.000,,,,2079.000,,,,,,,,,,,,
AmortizationOfFinancingCosts,,,,,,,,,,,,,,,3879.000,,,,708.000,,,,19699.000
BusinessAcquisitionEquityInterestsIssuedOrIssuableNumberOfSharesIssued,,,,,,,28034850.000,,,,28034850.000,,,,,,,,,,,,
CashPeriodIncreaseDecrease,,,239.000,,,,1317316.000,,,,-241228.000,,,,-104306.000,,,,-112677.000,,,,-195011.000
CostOfGoodsAndServicesSold,,,303947.000,290162.000,227532.000,159878.000,179484.000,182363.000,114916.000,108466.000,63428.000,68535.000,59731.000,109332.000,113537.000,122445.000,130694.000,115565.000,149460.000,179078.000,141913.000,239358.000,206880.000
DebtInstrumentConvertibleBeneficialConversionFeature,,,,,,,-2387.000,,,,0.000,,,,,,,,,,,,
DebtIssuanceCosts,,,,,,,,,,,,,,,,,,,3547.000,,,,
Depreciation,,,,,,,,,,,,,,,3378.000,2673.000,2589.000,2986.000,2956.000,2767.000,2437.000,2527.000,3006.000
DepreciationDepletionAndAmortization,,,6790.000,7647.000,6737.000,7246.000,5344.000,6772.000,7506.000,6843.000,6930.000,6810.000,5915.000,4657.000,3378.000,2673.000,2589.000,2986.000,2956.000,2767.000,2437.000,2527.000,3006.000
DerivativeGainOnDerivative,,,,,,,15470.000,,,,,,,,,,,,,,,,
EarningsPerShareBasicAndDiluted,-0.000,-0.000,-0.040,0.000,-0.010,-0.010,-0.020,-0.010,-0.010,-0.010,-0.010,-0.010,-0.090,-0.130,-0.030,-0.090,-0.040,-0.390,-0.030,-0.020,-0.010,-0.030,-0.030
EffectiveIncomeTaxRateReconciliationChangeInDeferredTaxAssetsValuationAllowance,,,,,,,,,,,,,,,1.000,,,,1.000,,,,1.000
GainLossOnDerivativeInstrumentsNetPretax,,,,,,,,0.000,0.000,,0.000,0.000,0.000,0.000,,,,,,,,,
GainLossOnSaleOfDerivatives,,,,,,,15470.000,,,,0.000,,,,,,,,,,,,
GeneralAndAdministrativeExpense,677.000,1252.000,820220.000,348976.000,589403.000,437469.000,568148.000,507469.000,566448.000,445104.000,468469.000,443077.000,474301.000,367657.000,365840.000,791404.000,390841.000,1059558.000,660564.000,528163.000,420935.000,509262.000,579837.000
GrossProfit,,,56381.000,597123.000,484205.000,615722.000,175387.000,398801.000,266162.000,128606.000,235755.000,257817.000,257031.000,434244.000,470238.000,464725.000,491280.000,428507.000,453931.000,457671.000,537532.000,442790.000,503514.000
IncomeLossFromContinuingOperationsBeforeIncomeTaxesDomestic,-2117.000,-2692.000,,,,,,,,,,,,,,,,,,,,,
IncomeTaxExpenseBenefit,0.000,0.000,,,,,,,,,,,,,,,,,,,,,
IncreaseDecreaseInAccountsPayableAndAccruedLiabilities,,,387279.000,,,,-359691.000,,,,77163.000,,,,57130.000,,,,-68489.000,,,,-30782.000
IncreaseDecreaseInAccountsReceivable,,,-225754.000,,,,102317.000,,,,39515.000,,,,145318.000,,,,54295.000,,,,-110009.000
IncreaseDecreaseInDeferredCompensation,,,0.000,,,,9423.000,,,,0.000,,,,,,,,,,,,
IncreaseDecreaseInDeferredRevenue,,,-79082.000,,,,-31705.000,,,,-4880.000,,,,-62523.000,,,,-127506.000,,,,-126475.000
IncreaseDecreaseInOtherDeferredLiability,,,,,,,,,,,,,,,9613.000,,,,8198.000,,,,-1161.000
IncreaseDecreaseInOtherNoncurrentLiabilities,,,,,,,,,,,,,,,34242.000,,,,-12852.000,,,,5484.000
IncreaseDecreaseInOtherOperatingAssets,,,0.000,,,,,,,,,,,,,,,,,,,,
IncreaseDecreaseInPrepaidDeferredExpenseAndOtherAssets,,,27907.000,,,,15423.000,,,,14201.000,,,,-14858.000,,,,29579.000,,,,-61333.000
InterestExpense,1440.000,1440.000,55349.000,72311.000,87036.000,84251.000,61379.000,41227.000,40041.000,41453.000,48004.000,55592.000,70734.000,76426.000,95900.000,95711.000,160078.000,2013929.000,138668.000,24112.000,22084.000,21468.000,132803.000
InterestExpenseDebt,,,,,,,,,,,,,368.000,,,76258.000,,,,,,,
InterestPaid,,,21863.000,,,,73370.000,,,,30508.000,,,,11479.000,,,,20294.000,,,,36956.000
IssuanceOfStockAndWarrantsForServicesOrClaims,,,,,,,,,,,0.000,,,,,,,,62500.000,,,,57500.000
MaintenanceCosts,,,24880.000,36404.000,34719.000,23724.000,27950.000,32374.000,32172.000,31934.000,31747.000,31076.000,31274.000,30714.000,31008.000,31451.000,32943.000,33195.000,46558.000,37988.000,25019.000,18240.000,26078.000
MaintenanceRevenue,,,177451.000,195857.000,201539.000,215160.000,223464.000,213542.000,211759.000,207990.000,210522.000,212000.000,216310.000,226911.000,228671.000,231939.000,239506.000,241415.000,246596.000,245317.000,256441.000,240336.000,249922.000
NetCashProvidedByUsedInFinancingActivities,,,657289.000,,,,2492135.000,,,,135359.000,,,,144443.000,,,,436284.000,,,,359480.000
NetCashProvidedByUsedInFinancingActivitiesContinuingOperations,,,657289.000,,,,2492135.000,,,,135359.000,,,,144443.000,,,,436284.000,,,,359480.000
NetCashProvidedByUsedInInvestingActivities,,,-38982.000,,,,-3608.000,,,,-2084.000,,,,0.000,,,,0.000,,,,-6429.000
NetCashProvidedByUsedInInvestingActivitiesContinuingOperations,,,-38982.000,,,,-3608.000,,,,-2084.000,,,,0.000,,,,0.000,,,,-6429.000
NetCashProvidedByUsedInOperatingActivities,,,-618068.000,,,,-1171211.000,,,,-374503.000,,,,-248749.000,,,,-548961.000,,,,-548062.000
NetCashProvidedByUsedInOperatingActivitiesContinuingOperations,,,-618068.000,,,,-1171211.000,,,,-374503.000,,,,-248749.000,,,,-548961.000,,,,-548062.000
NetIncomeLoss,-2117.000,-2692.000,-1147873.000,-155250.000,-492607.000,-189763.000,-671797.000,-408907.000,-541412.000,-517588.000,-403822.000,-372714.000,-638609.000,-233496.000,-208857.000,-642742.000,-253553.000,-2816276.000,-535765.000,-401964.000,-246767.000,-391815.000,-448709.000
NonoperatingIncomeExpense,,,,,,,,-41227.000,-40041.000,,-48004.000,-55592.000,-70734.000,-76426.000,-95900.000,-95711.000,-160078.000,-2013929.000,-138668.000,-24112.000,-22084.000,-21468.000,-132803.000
OperatingExpenses,677.000,1252.000,1148905.000,680062.000,889776.000,705764.000,801275.000,766481.000,767533.000,604741.000,591573.000,574939.000,824906.000,591314.000,583195.000,1011756.000,584755.000,1230854.000,851028.000,835523.000,762215.000,813137.000,819420.000
OperatingIncomeLoss,-677.000,-1252.000,-1092524.000,-82939.000,-405571.000,-90042.000,-625888.000,-367680.000,-501371.000,-476135.000,-355818.000,-317122.000,-567875.000,-157070.000,-112957.000,-547031.000,-93475.000,-802347.000,-397097.000,-377852.000,-224683.000,-370347.000,-315906.000
OperatingLeasesRentExpenseNet,,,,10125.000,10125.000,,10125.000,10125.000,10125.000,10125.000,10125.000,,10125.000,,10125.000,10125.000,10125.000,10125.000,10125.000,10125.000,10125.000,10125.000,13252.000
OtherCostAndExpenseOperating,1440.000,-1440.000,,,,,,,,,,,,,,,,,,,,,
OtherExpenses,,,,,,,45909.000,,,,,,,,,,,,,,,,
PaymentsOfFinancingCosts,,,,,,,,,,,,,,,,,,,,,,,103326.000
PaymentsToAcquirePropertyPlantAndEquipment,,,44582.000,,,,3608.000,,,,2084.000,,,,0.000,,,,0.000,,,,-6429.000
ProceedsFromConvertibleDebt,,,,,,,,,,,110000.000,,,,,,,,,,,,459745.000
ProceedsFromIssuanceOfCommonStock,,,,,,,2731021.000,,,,0.000,,,,,,,,559285.000,,,,
ProceedsFromIssuanceOfDebt,,,,,,,2731021.000,,,,,,,,,,,,,,,,
ProceedsFromIssuanceOrSaleOfEquity,,,,,,,,,,,,,,,,,,,559285.000,,,,
ProceedsFromNotesPayable,,,436556.000,,,,0.000,,,,240000.000,,,,0.000,,,,,,,,560000.000
ProceedsFromRelatedPartyDebt,,,288000.000,,,,0.000,,,,,,,,200000.000,,,,0.000,,,,
ProceedsFromStockOptionsExercised,,,,,,,,,,,,,,,,,,,3500.000,,,,
ProfessionalAndContractServicesExpense,,,,,,,,,,,,10627.000,4486.000,,20518.000,23593.000,41670.000,14987.000,31355.000,30612.000,32476.000,41043.000,49653.000
ProvisionForDoubtfulAccounts,,,,,,,,,,,,,,,18082.000,,,,0.000,,,,2976.000
RepaymentsOfNotesPayable,,,67267.000,,,,124886.000,,,,99641.000,,,,48000.000,,,,60000.000,,,,87971.000
RepaymentsOfRelatedPartyDebt,,,0.000,,,,114000.000,,,,5000.000,,,,7557.000,,,,66501.000,,,,9223.000
ResearchAndDevelopmentExpense,,,,,,,,,,,,,,,,,,,,,,,50957.000
Revenues,0.000,0.000,360328.000,887285.000,711737.000,775600.000,354871.000,581164.000,381078.000,237072.000,299183.000,326352.000,316762.000,543576.000,583775.000,587170.000,621974.000,544072.000,603391.000,636749.000,679445.000,682148.000,710394.000
SalesRevenueNet,0.000,0.000,360328.000,887285.000,711737.000,775600.000,354871.000,581164.000,381078.000,237072.000,299183.000,326352.000,316762.000,543576.000,583775.000,587170.000,621974.000,544072.000,603391.000,636749.000,679445.000,682148.000,710394.000
SellingAndMarketingExpense,,,321895.000,323439.000,293636.000,261049.000,227783.000,252240.000,193579.000,152794.000,116174.000,125052.000,344690.000,219000.000,213977.000,217679.000,191325.000,168310.000,187508.000,304593.000,338843.000,301348.000,236577.000
ShareBasedCompensationArrangementByShareBasedPaymentAwardOptionsForfeituresAndExpirationsInPeriod,,,,,,,,,,,,,,,,,,,0.000,,,,-50000.000
ShareBasedCompensationArrangementByShareBasedPaymentAwardOptionsForfeituresAndExpirationsInPeriodWeightedAverageExercisePrice,,,,,,,,,,,,,,,,,,,,,,,0.900
ShareBasedCompensationArrangementByShareBasedPaymentAwardOptionsGrantsInPeriodGross,,,,,,,,,,,,,,,,,,,460000.000,,,,100000.000
ShareBasedCompensationArrangementByShareBasedPaymentAwardOptionsGrantsInPeriodWeightedAverageGrantDateFairValue,,,,,,,,,,,,,,,,,,,0.810,,,,0.710
ShareBasedCompensationArrangementsByShareBasedPaymentAwardOptionsGrantsInPeriodWeightedAverageExercisePrice,,,,,,,,,,,,,,,,,,,0.930,,,,0.850
SharebasedCompensationArrangementBySharebasedPaymentAwardOptionsVestedInPeriodFairValue1,,,,,,,,,,,,,,,,,,,49062.000,,,,82937.000
StockIssuedDuringPeriodSharesStockOptionsExercised,,,,,,,,,,,,,,,,,,,0.000,,,,
StockIssuedDuringPeriodValueAcquisitions,,,0.000,,,,,,,,,,,,,,,,,,,,
StockIssuedDuringPeriodValueConversionOfConvertibleSecurities,,,,,,,588870.000,,,,,,,,,,,,170039.000,,,,
StockIssuedDuringPeriodValueIssuedForServices,,,,,,,0.000,,,,,,,,,,,,,,,,
StockIssuedDuringPeriodValueNewIssues,,,,,,,2731021.000,,,,,,,,,,,,559285.000,,,,
StockIssuedDuringPeriodValueShareBasedCompensation,,,,,,,,,,,0.000,,,,,,,,62500.000,,,,57500.000
StockIssuedDuringPeriodValueStockOptionsExercised,,,,,,,,,,,,,,,,,,,3500.000,,,,0.000
StockOptionPlanExpense,,,,,,,,,,,,,,,,,,,67193.000,,,,28883.000
StockRepurchasedDuringPeriodValue,,,,,,,0.000,,,,,,,,,,,,,,,,
TechnologyServicesCosts,,,101706.000,122538.000,67836.000,26751.000,23320.000,19348.000,20444.000,61551.000,,,6909.000,,10910.000,11764.000,14097.000,18919.000,24587.000,37054.000,41883.000,144404.000,94357.000
TechnologyServicesRevenue,,,112105.000,238490.000,93472.000,274139.000,87957.000,82950.000,50285.000,73639.000,,,52582.000,,56539.000,60966.000,64817.000,99577.000,110156.000,116343.000,137343.000,161440.000,132308.000
WeightedAverageNumberOfShareOutstandingBasicAndDiluted,,,,32590850.000,33022913.000,,39620613.000,47362047.000,47362047.000,-89055154.000,47362047.000,47362047.000,6769812.000,-94636978.000,7123074.000,7123024.000,7123074.000,-14216896.000,16262800.000,16794992.000,16810582.000,-33218289.000,17354619.000
WeightedAverageNumberOfSharesOutstandingBasic,1139000.000,1139000.000,,,,,,,,,,,,,,,,,,,,,
