,2011-06-30,2011-09-30,2012-03-31,2012-09-30,2013-03-31,2013-06-30,2013-09-30,2013-12-31,2014-03-31,2014-06-30,2014-09-30,2014-12-31
CashAndCashEquivalentsPeriodIncreaseDecrease,,,2563427.000,,532177.000,,,,-275878.000,,,
ComprehensiveIncomeNetOfTax,,,,,-1208704.000,1153380.000,-912023.000,-387916.000,-434099.000,-1163300.000,-578605.000,-1446517.000
ComprehensiveIncomeNetOfTaxAttributableToNoncontrollingInterest,,,,,-98752.000,244638.000,-5210.000,-514634.000,-608475.000,-201861.000,-79270.000,-709955.000
ComprehensiveIncomeNetOfTaxIncludingPortionAttributableToNoncontrollingInterest,,,,,-1307456.000,1398018.000,-917233.000,-902550.000,-1042574.000,-1365161.000,-657875.000,-2156472.000
CostOfRevenue,1545481.000,1481513.000,1148887.000,-766868.000,1163939.000,1216265.000,1264443.000,1196690.000,1321918.000,929877.000,862626.000,1236269.000
DecreaseInRestrictedCash,,,,,,,,,0.000,,,
Depreciation,,,240581.000,,,,,,,,,
DepreciationAndAmortization,,,,,132100.000,,,,84216.000,,,
DepreciationDepletionAndAmortization,,,,,284450.000,,,,299740.000,,,
EarningsPerShareBasicAndDiluted,-0.030,-0.020,-0.040,-0.020,-0.040,0.040,-0.030,-0.010,-0.040,-0.040,-0.040,0.030
EffectOfExchangeRateOnCashAndCashEquivalents,,,15988.000,,71822.000,,,,-204296.000,,,
EquityMethodInvestmentSummarizedFinancialInformationNetIncomeLoss,,,,,393922.000,162786.000,,,229345.000,238921.000,224982.000,127870.000
EquityMethodInvestmentSummarizedFinancialInformationRevenue,,,,,0.000,0.000,,,0.000,0.000,0.000,0.000
GainLossOnSaleOfPropertyPlantEquipment,,,-572442.000,,,,,,-14133.000,,,
GeneralAndAdministrativeExpense,438869.000,619907.000,1035876.000,1041337.000,1051759.000,771099.000,870165.000,892098.000,833640.000,839885.000,797976.000,2116028.000
GrossProfit,575243.000,348925.000,570648.000,920758.000,949490.000,3271120.000,1408603.000,2292897.000,1399236.000,551221.000,1706261.000,604231.000
IncomeLossFromContinuingOperationsBeforeIncomeTaxesExtraordinaryItemsNoncontrollingInterest,,,629269.000,-3213719.000,-1157081.000,1392287.000,-860526.000,-546949.000,-808894.000,-1336683.000,-571538.000,-2464714.000
IncomeLossFromContinuingOperationsBeforeIncomeTaxesMinorityInterestAndIncomeLossFromEquityMethodInvestments,-650068.000,-862551.000,,,,,,,,,,
IncomeLossFromEquityMethodInvestments,,,-572443.000,-37606.000,-193022.000,-79765.000,-184889.000,-364591.000,-112379.000,-117071.000,-110241.000,-105589.000
IncomeTaxExpenseBenefit,124302.000,-59324.000,15675.000,-692.000,-15781.000,35419.000,-78987.000,-3878.000,-204726.000,-88536.000,-25749.000,349594.000
IncomeTaxesPaid,,,215900.000,,144830.000,,,,56842.000,,,
IncreaseDecreaseDueFromAffiliates,,,,,,,,,-851906.000,,,
IncreaseDecreaseInAccountsPayable,,,-17231.000,,,,,,,,,
IncreaseDecreaseInAccountsReceivable,,,58226.000,,-992564.000,,,,-87774.000,,,
IncreaseDecreaseInAccruedIncomeTaxesPayable,,,-200039.000,,-144829.000,,,,-53641.000,,,
IncreaseDecreaseInCustomerDeposits,,,-131201.000,,,,,,1886459.000,,,
IncreaseDecreaseInDepositOtherAssets,,,,,11155.000,,,,0.000,,,
IncreaseDecreaseInDueFromRelatedParties,,,-309670.000,,,,,,,,,
IncreaseDecreaseInDueToAffiliates,,,,,,,,,70018.000,,,
IncreaseDecreaseInDueToOfficersAndStockholdersCurrent,,,245026.000,,-665718.000,,,,312399.000,,,
IncreaseDecreaseInInterestPayableNet,,,75004.000,,114734.000,,,,142187.000,,,
IncreaseDecreaseInInventories,,,1081989.000,,,,,,,,,
IncreaseDecreaseInOtherAccountsPayable,,,,,-77759.000,,,,264363.000,,,
IncreaseDecreaseInOtherAccountsPayableAndAccruedLiabilities,,,-479186.000,,-1374024.000,,,,-692420.000,,,
IncreaseDecreaseInPropertyAndOtherTaxesPayable,,,-47494.000,,-59843.000,,,,-13509.000,,,
IncreaseDecreaseInRestrictedCash,,,,,-478057.000,,,,-222419.000,,,
InterestExpense,467822.000,310935.000,491451.000,-289977.000,915147.000,957045.000,1146811.000,744552.000,830759.000,835184.000,989540.000,745755.000
InterestExpenseDebt,,,,,231165.000,174821.000,232858.000,126327.000,177412.000,636930.000,642097.000,542423.000
InterestPaid,,,158974.000,,1429348.000,,,,933498.000,,,
InvestmentIncomeInterest,3668.000,2516.000,3398.000,5372.000,157948.000,221270.000,196741.000,-181758.000,100269.000,100686.000,70490.000,581610.000
LeaseAndRentalExpense,,,,,49858.000,45694.000,65009.000,93998.000,61494.000,55510.000,57910.000,-124649.000
NetCashProvidedByUsedInFinancingActivities,,,11492188.000,,4546853.000,,,,7959599.000,,,
NetCashProvidedByUsedInFinancingActivitiesContinuingOperations,,,11492188.000,,4546853.000,,,,7959599.000,,,
NetCashProvidedByUsedInInvestingActivities,,,-124041.000,,746193.000,,,,-42978.000,,,
NetCashProvidedByUsedInInvestingActivitiesContinuingOperations,,,-124041.000,,746193.000,,,,-42978.000,,,
NetCashProvidedByUsedInOperatingActivities,,,-8820708.000,,-4832691.000,,,,-7988203.000,,,
NetCashProvidedByUsedInOperatingActivitiesContinuingOperations,,,-8820708.000,,-4832691.000,,,,-7988203.000,,,
NetIncomeLoss,-844881.000,-706124.000,-1057231.000,-1373878.000,-1204253.000,1222387.000,-896390.000,-290038.000,-382127.000,-1165094.000,-576734.000,-1529731.000
NetIncomeLossAttributableToNoncontrollingInterest,70511.000,-97103.000,1098382.000,-1839148.000,-130069.000,54716.000,-70038.000,-617624.000,-334420.000,-200125.000,-79296.000,-944885.000
NonoperatingIncomeExpense,,,,,-741888.000,-734843.000,-947832.000,-936497.000,-743416.000,-734275.000,-904206.000,-557599.000
OperatingCostsAndExpenses,322402.000,290726.000,284220.000,468213.000,312924.000,372891.000,451132.000,1011251.000,631074.000,313745.000,575617.000,395317.000
OperatingIncomeLoss,-186028.000,-561708.000,-749448.000,-588791.000,-415193.000,2127130.000,87306.000,389548.000,-65478.000,-602409.000,332667.000,-1907113.000
OtherComprehensiveIncomeLossForeignCurrencyTransactionAndTranslationAdjustmentNetOfTax,,,,,26866.000,120915.000,49195.000,5112.000,-326027.000,58.000,-1845.000,318144.000
OtherNonoperatingIncome,,,,,15311.000,932.000,,,,,,
OtherNonoperatingIncomeExpense,114.000,7576.000,1866770.000,-2302717.000,-741888.000,932.000,2238.000,747012.000,-12926.000,224.000,14844.000,51825.000
PaymentsToAcquireLongtermInvestments,,,60000.000,,,,,,,,,
PaymentsToAcquireProductiveAssets,,,,,50748.000,,,,42978.000,,,
PaymentsToAcquirePropertyPlantAndEquipment,,,64041.000,,0.000,,,,,,,
PaymentsToMinorityShareholders,,,,,79233.000,,,,0.000,,,
ProceedsFromAdvancesForConstruction,,,,,,,,,0.000,,,
ProceedsFromBankDebt,,,,,1274819.000,,,,1676011.000,,,
ProceedsFromIssuanceOrSaleOfEquity,,,,,0.000,,,,,,,
ProceedsFromNotesPayable,,,869882.000,,956114.000,,,,10579673.000,,,
ProceedsFromRelatedPartyDebt,,,53835.000,,,,,,,,,
ProceedsFromRepaymentsOfNotesPayable,,,,,,,,,-599958.000,,,
ProfitLoss,-774370.000,-803227.000,613594.000,-3213027.000,-1334322.000,1277103.000,-966428.000,-907662.000,-716547.000,-1365219.000,-656030.000,-2474616.000
ProvisionForDoubtfulAccounts,,,,,,,,,-1459.000,,,
RepaymentsOfBankDebt,,,,,,,,,1666966.000,,,
RepaymentsOfRelatedPartyDebt,,,0.000,,1950536.000,,,,2297969.000,,,
Revenues,2120724.000,1830438.000,1719535.000,1687626.000,2113429.000,4487385.000,2673046.000,3489587.000,2721154.000,1481098.000,2568886.000,1840501.000
SalesRevenueNet,2120724.000,1830438.000,1719535.000,1687626.000,2113429.000,4487385.000,2673046.000,3489587.000,2721154.000,1481098.000,2568886.000,1840501.000
WeightedAverageNumberOfShareOutstandingBasicAndDiluted,,,,,28691925.000,28691925.000,28691925.000,-57383850.000,28691925.000,28691925.000,31329288.000,-51308884.000
