,2011-06-30,2011-09-30,2012-03-31,2013-03-31,2013-06-30,2013-09-30,2013-12-31,2014-03-31,2014-06-30,2014-09-30,2014-12-31,2015-03-31,2015-06-30,2015-09-30,2015-12-31,2016-03-31,2016-06-30,2016-09-30,2016-12-31,2017-03-31
AdjustmentsToAdditionalPaidInCapitalSharebasedCompensationRequisiteServicePeriodRecognitionValue,,37553.000,157182.000,97555.000,,,,935052.000,,,,,,,,,,,,
AdjustmentsToAdditionalPaidInCapitalStockIssuedIssuanceCosts,,,,,,,,211500.000,,,,,,,,,,,,
AdjustmentsToAdditionalPaidInCapitalWarrantIssued,,,,,,,,,,,,33362.000,,,,,,,,
AdjustmentsToReconcileNetIncomeLossToCashProvidedByUsedInOperatingActivities,,,360413.000,176412.000,,,,1096492.000,,,,,,,,734629.000,,,,5289848.000
AdvertisingExpense,,,,,,,,288.000,0.000,0.000,,200.000,,4500.000,,,,,,
AllocatedShareBasedCompensationExpense,,,,132180.000,945642.000,331997.000,355255.000,,,,,,,,,,,,,
AmortizationOfDebtDiscountPremium,,,,,,,,,,,,9110.000,,,,525279.000,,,,641363.000
AmortizationOfFinancingCosts,,,,14079.000,,,,0.000,,,,,,,,,,,,
AmortizationOfIntangibleAssets,,,,,,,,,,,,,,,,7150.000,,,,7150.000
AntidilutiveSecuritiesExcludedFromComputationOfEarningsPerShareAmount,,,,21123000.000,28367000.000,23179000.000,-46484000.000,33554000.000,,,,45878110.000,,,,33984063.000,,,,66183884.000
AssetImpairmentCharges,,,,,,,,,,,,,,,,,,,,12127.000
CashAndCashEquivalentsPeriodIncreaseDecrease,,,-111655.000,383693.000,,,,762098.000,,,,-139648.000,,,,-1846154.000,,,,708644.000
ComprehensiveIncomeNetOfTax,,,,,,,,,-1913652.000,-2081475.000,,-2578988.000,-2947975.000,-2798511.000,-2130942.000,-2996395.000,-2875064.000,-1659995.000,-3193168.000,-6272100.000
ConcentrationRiskPercentage1,,,,,,,,,,,,0.390,,,,,,,,
CostOfGoodsSold,,,,,,,,,,,,,,520145.000,,453396.000,394065.000,340838.000,246945.000,334276.000
CostOfRevenue,812840.000,484032.000,419658.000,456006.000,636622.000,441061.000,819406.000,505900.000,743496.000,610119.000,244688.000,437424.000,430599.000,520145.000,239683.000,561589.000,394065.000,375441.000,272405.000,430568.000
CostOfServices,,,,,,,,,,,,,,0.000,,108193.000,0.000,34603.000,25460.000,96292.000
CumulativeTranslationAdjustmentNetOfTaxPeriodIncreaseDecrease,,,,,,,,-5990.000,,,,,,,,,,,,
DebtInstrumentConvertibleBeneficialConversionFeature,,,,,,0.000,,116667.000,,,,,,,,,,,,
Depreciation,,,,,,,,,,,,,,,,30628.000,,,,78.000
DepreciationAndAmortization,,,,,,,,,,,,-61233.000,48972.000,43572.000,161644.000,37778.000,47035.000,27580.000,47454.000,7432.000
DepreciationDepletionAndAmortization,,,48349.000,67272.000,,,,80685.000,,,,61499.000,,,,,,,,
DerivativeCostOfHedge,,,,,,,,,,,,,,,,0.000,565780.000,0.000,,1038439.000
DerivativeGainLossOnDerivativeNet,,,,,,,,,,,,,,103119.000,,,,,,462193.000
EarningsPerShareBasic,-0.020,-0.030,-0.040,-0.040,-0.040,-0.030,-0.020,-0.040,-0.030,-0.030,,,,,,,,,,
EarningsPerShareBasicAndDiluted,,,,,,,,,,,,-0.040,-0.040,-0.040,-0.020,-0.040,-0.040,-0.020,-0.030,-0.060
EarningsPerShareDiluted,-0.020,-0.030,-0.040,,,,,,,,,,,,,,,,,
EffectOfExchangeRateOnCashAndCashEquivalents,,,,,,,,,,,,652.000,,,,-20042.000,,,,0.000
EmbeddedDerivativeGainOnEmbeddedDerivative,,,,,,,,,,,,,,,,,,,,462193.000
EmployeeBenefitsAndShareBasedCompensation,,,,132180.000,,332000.000,,,,,,,,,,,,,,
ExtinguishmentOfDebtGainLossNetOfTax,,,,,,,,,,,,,,,,,,,,-2706197.000
FairValueAssumptionsExpectedVolatilityRate,,,,,,,,,,,,,,,,1.673,,,,
FairValueAssumptionsRiskFreeInterestRate,,,,,,,,,,,,,,,,0.005,,,,
GainLossOnDerivativeInstrumentsNetPretax,,,,,,,,,,,,,,,,219338.000,537497.000,1444861.000,-896823.000,
GainLossOnDispositionOfAssets,,,,,,0.000,,,,,,,,,,,,-17526.000,,
GainLossOnDispositionOfAssets1,,,,,,,,,,,,,,,,,,,,-12241.000
GainOnDerivativeInstrumentsPretax,,,,,,,,,,,,,,,,219338.000,,,,
GrossProfit,173593.000,166338.000,97659.000,163719.000,338746.000,227658.000,74314.000,120672.000,185034.000,103925.000,744116.000,77959.000,140969.000,75615.000,569481.000,-44357.000,202425.000,155132.000,351823.000,3551.000
ImpairmentOfIntangibleAssetsExcludingGoodwill,,,,,,,,,,,,,,,,,,,,12127.000
IncomeTaxesPaid,,,,,,,,0.000,,,,,,,,0.000,,,,0.000
IncreaseDecreaseInAccountsPayable,,,,,,,,16199.000,,,,-156219.000,,,,21730.000,,,,-167543.000
IncreaseDecreaseInAccountsPayableAndAccruedLiabilities,,,-160178.000,-87540.000,,,,,,,,,,,,,,,,
IncreaseDecreaseInAccountsReceivable,,,-247914.000,-140758.000,,,,-98430.000,,,,-201955.000,,,,-37908.000,,,,-80927.000
IncreaseDecreaseInAccruedLiabilities,,,,,,,,-93272.000,,,,-4329.000,,,,36632.000,,,,-81554.000
IncreaseDecreaseInInterestPayableNet,,,,,,,,,,,,,,,,,,,,345515.000
IncreaseDecreaseInInventories,,,,,,,,82990.000,,,,-41576.000,,,,8856.000,,,,5945.000
IncreaseDecreaseInPrepaidDeferredExpenseAndOtherAssets,,,53979.000,90337.000,,,,7622.000,,,,32056.000,,,,-21911.000,,,,-20033.000
InterestAndDebtExpense,,,,,,-24602.000,,-10129.000,-13361.000,-40621.000,,,,,,,,,,
InterestExpense,919.000,151.000,,35884.000,25100.000,24602.000,141508.000,10129.000,13361.000,40621.000,187283.000,78866.000,98470.000,193877.000,624798.000,630027.000,792478.000,1179309.000,923258.000,1133933.000
InterestIncomeOperating,144.000,217.000,116.000,106.000,61.000,53.000,54.000,51.000,42.000,45.000,26.000,24.000,12.000,3.000,2.000,1.000,2.000,0.000,0.000,0.000
InterestPaid,,,,,,,,10129.000,,,,39075.000,,,,38075.000,,,,0.000
InterestPaidNet,,,,21805.000,,,,,,,,,,,,,,,,
IssuanceOfStockAndWarrantsForServicesOrClaims,,,,,,,,,,,,21600.000,,,,97800.000,,,,314310.000
LeaseAndRentalExpense,,,,,,,,292700.000,299900.000,359762.000,744638.000,,758500.000,910000.000,,858900.000,1055900.000,886000.000,809200.000,482500.000
MarketingAndAdvertisingExpense,,,,,,,,,,,,,,,,0.000,,,,0.000
NetCashProvidedByUsedInFinancingActivities,,,457612.000,1438500.000,,,,2023800.000,,,,1850000.000,,,,400000.000,,,,1703944.000
NetCashProvidedByUsedInFinancingActivitiesContinuingOperations,,,457612.000,1438500.000,,,,2023800.000,,,,1850000.000,,,,400000.000,,,,1703944.000
NetCashProvidedByUsedInInvestingActivities,,,-25610.000,-5000.000,,,,-7431.000,,,,-3508.000,,,,-4430.000,,,,0.000
NetCashProvidedByUsedInInvestingActivitiesContinuingOperations,,,-25610.000,-5000.000,,,,-7431.000,,,,-3508.000,,,,-4430.000,,,,0.000
NetCashProvidedByUsedInOperatingActivities,,,-543657.000,-1049807.000,,,,-1254271.000,,,,-1986140.000,,,,-2241724.000,,,,-995300.000
NetCashProvidedByUsedInOperatingActivitiesContinuingOperations,,,-543657.000,-1049807.000,,,,-1254271.000,,,,-1986140.000,,,,-2241724.000,,,,-995300.000
NetIncomeLoss,-464319.000,-685782.000,-904070.000,-1226219.000,-1712851.000,-1193528.000,-1954867.000,-2350763.000,-1918484.000,-2080906.000,-4155946.000,-2578988.000,-2941884.000,-2797818.000,-2141034.000,-2976353.000,-2874317.000,-1671124.000,-3188709.000,-6285147.000
NonoperatingIncomeExpense,-775.000,66.000,116.000,-35778.000,-25039.000,-24549.000,-141454.000,-10078.000,-13319.000,-40576.000,-509257.000,-78842.000,-98458.000,-90755.000,493682.000,-410688.000,-820759.000,248026.000,-1441611.000,-4428503.000
OperatingExpenses,637137.000,852186.000,1001845.000,1354160.000,2026558.000,1396637.000,1887727.000,2461357.000,2090199.000,2144255.000,4390805.000,2578105.000,2984395.000,2782678.000,3204197.000,2521305.000,2255983.000,2074282.000,2098924.000,1860195.000
OperatingIncomeLoss,-463544.000,-685848.000,-904186.000,-1190441.000,-1687812.000,-1168979.000,-1813413.000,-2340685.000,-1905165.000,-2040330.000,-3646689.000,-2500146.000,-2843426.000,-2707063.000,-2634716.000,-2565665.000,-2053558.000,-1919150.000,-1747098.000,-1856644.000
OtherComprehensiveIncomeLossNetOfTaxPortionAttributableToParent,,,,,,,,,4832.000,-569.000,,,-6091.000,-693.000,,-20042.000,-747.000,11129.000,-4459.000,13047.000
OtherDepreciationAndAmortization,,,,-67272.000,-67336.000,-64483.000,,-80861.000,-82296.000,-80756.000,,,,,,,,,,
PaymentOfFinancingAndStockIssuanceCosts,,,,111817.000,,,,,,,,,,,,,,,,
PaymentsToAcquirePropertyPlantAndEquipment,,,25610.000,5000.000,,,,7431.000,,,,3508.000,,,,4430.000,,,,0.000
ProceedsFromConstructionLoansPayable,,,,,,,,,,,,1350000.000,,,,,,,,
ProceedsFromIssuanceOfCommonStock,,,457612.000,1438500.000,,,,2023800.000,,,,500000.000,,,,0.000,,,,311250.000
ProceedsFromIssuanceOfPreferredStockAndPreferenceStock,,,,,,,,,,,,,,,,400000.000,,,,0.000
ProceedsFromIssuanceOfPrivatePlacement,,,,,,,,,,,,500000.000,,,,,,,,
ProceedsFromLoans,,,,,,,,0.000,,,,,,,,,,,,
ProceedsFromNotesPayable,,,,,,,,,,,,,,,,0.000,,,,1300000.000
ProceedsFromWarrantExercises,,,,,,,,,,,,,,,,,,,,95834.000
ProfitLoss,,,,,,,,-2356753.000,,,,,,,,,,,,
RealEstateTaxExpense,,,,,,,,,,,,739500.000,,,,,,,,
RepaymentsOfNotesPayable,,,,,,,,0.000,,,,,,,,,,,,
RevenueOtherManufacturedProducts,,,,,,,,,,,,,,595760.000,,458050.000,584740.000,488011.000,671790.000,352332.000
Revenues,986433.000,650370.000,517317.000,619725.000,975368.000,668719.000,893720.000,626572.000,928530.000,714044.000,988804.000,515383.000,571568.000,595760.000,809164.000,517232.000,596490.000,530573.000,624228.000,434119.000
SalesRevenueNet,986433.000,650370.000,517317.000,619725.000,975368.000,668719.000,893720.000,626572.000,928530.000,714044.000,988804.000,515383.000,571568.000,595760.000,809164.000,517232.000,596490.000,530573.000,624228.000,434119.000
SalesRevenueServicesGross,,,,,,,,,,,,,,0.000,,59182.000,11750.000,42562.000,-47562.000,81787.000
SellingGeneralAndAdministrativeExpense,637137.000,852186.000,1001845.000,1354160.000,2026558.000,1396637.000,1887727.000,2461357.000,2090199.000,2144255.000,4390805.000,2578105.000,2984395.000,2782678.000,3204197.000,2521308.000,2255983.000,2074282.000,2098921.000,1860195.000
ShareBasedCompensation,,,278307.000,132180.000,,,,1091052.000,551142.000,503968.000,971645.000,453941.000,501273.000,361500.000,135534.000,183785.000,165624.000,163540.000,170087.000,273092.000
ShareBasedGoodsAndNonemployeeServicesTransactionExpense,,,,34625.000,,,,,,,,,,,,,,,,
StockIssuedDuringPeriodSharesEmployeeStockOwnershipPlan,,,,,,,,,,,,14000000.000,,,,,,,,
StockIssuedDuringPeriodSharesIssuedForServices,,,,,,,,,,,,90000.000,,660000.000,,695000.000,245000.000,,,
StockIssuedDuringPeriodSharesPeriodIncreaseDecrease,,,,,,,,,,,,24000000.000,,,,,,,,
StockIssuedDuringPeriodValueIssuedForServices,,,,,,,,,,,,,,170940.000,,,24950.000,,,
StockIssuedDuringPeriodValueNewIssues,,950000.000,457610.000,1550317.000,,,,2235300.000,,,,,8049509.000,3106195.000,,,,,,
StockIssuedDuringPeriodValueRestrictedStockAwardGross,,47196.000,121125.000,34625.000,,,,,,,,,,,,,,,,
StockIssuedDuringPeriodValueShareBasedCompensation,,,,,,,,156000.000,,,,,,,,,,,,
StockOptionPlanExpense,,,,29552.000,,,,,,,,,,,,,,,,
WeightedAverageNumberOfDilutedSharesOutstanding,18934904.000,21025193.000,24340531.000,,,,,,,,,,,,,,,,,
WeightedAverageNumberOfShareOutstandingBasicAndDiluted,,,,,,,,,,,,64933423.000,72695216.000,74734312.000,-139397319.000,80061939.000,80138462.000,82656917.000,-159282103.000,111234302.000
WeightedAverageNumberOfSharesOutstandingBasic,18934904.000,21025193.000,24340531.000,35336834.000,38920992.000,45490256.000,-77309233.000,56936376.000,60601623.000,62383258.000,,,,,,,,,,
