,2011-11-30,2012-02-29,2012-08-31,2012-11-30,2013-02-28,2013-05-31,2013-08-31,2013-11-30,2014-02-28,2014-05-31,2014-08-31,2014-11-30,2015-02-28,2015-05-31,2015-08-31,2015-11-30,2016-02-29,2016-05-31,2016-08-31,2016-11-30,2017-02-28
AllocatedShareBasedCompensationExpense,,,13356.000,,,,,,,,,,,,,,,,,,
AntidilutiveSecuritiesExcludedFromComputationOfEarningsPerShareAmount,,,,,,,,,,,,4733334.000,3333334.000,,,4008333.000,4008333.000,,,3333333.000,3333333.000
CapitalExpendituresIncurredButNotYetPaid,,,,,,,,,,,,,,,,,,,2731152.000,,
CapitalLeaseObligationsIncurred,,,0.000,,,,,,,,,,,,,,,,,,
CashAndCashEquivalentsPeriodIncreaseDecrease,,,,,,,,,,,,,,,119306.000,,,,-212219.000,,
CashPeriodIncreaseDecrease,,,826061.000,,,,350983.000,,,,192370.000,,,,,,,,,,
CostOfGoodsSold,5140878.000,3960606.000,5604017.000,4175786.000,3687258.000,5361391.000,4365545.000,3635151.000,3803454.000,6303477.000,4737213.000,4260438.000,2431250.000,6840291.000,4629316.000,3539834.000,4574839.000,8847050.000,6876443.000,7992441.000,6234807.000
CurrentIncomeTaxExpenseBenefit,,,199400.000,9900.000,17600.000,321100.000,-237000.000,,-53000.000,,152700.000,-368383.000,,,,,,,,,
DeferredIncomeTaxExpenseBenefit,,,-208900.000,,,,-253000.000,,,,152700.000,,,,,,,,,,
DeferredIncomeTaxesAndTaxCredits,,,,,,,,,,,,,,,-5285.000,,,,-18850.000,,
Depreciation,,,,,,,,,,,,,,,,,,,518576.000,,
DepreciationAndAmortization,,,334385.000,,,,337236.000,,,,343333.000,,,,388324.000,,,,527816.000,,
EarningsPerShareBasic,,,0.030,0.000,0.000,0.060,0.060,,-0.010,,0.010,,-0.010,,0.000,,,,,,
EarningsPerShareBasicAndDiluted,0.010,0.000,,,,,,-0.010,,,,-0.030,0.010,,0.000,-0.000,-0.010,0.020,0.000,0.000,0.030
EarningsPerShareDiluted,,,0.030,0.000,0.000,0.050,0.050,,-0.010,,0.010,,-0.010,,0.000,,,,,,
EntityWideRevenueMajorCustomerPercentage,,,0.730,,,,,,,,,,,,,,,,,,
EquipmentExpense,,,,,,,,,,,357500.000,,,,,,,,,,
GrossProfit,1072623.000,915250.000,1524849.000,883332.000,830195.000,2018356.000,2145372.000,726339.000,729308.000,1741290.000,1329158.000,-335361.000,1253794.000,1777139.000,940665.000,880376.000,705641.000,2222684.000,967818.000,1229270.000,2459044.000
IncomeLossFromContinuingOperationsBeforeIncomeTaxesMinorityInterestAndIncomeLossFromEquityMethodInvestments,,,767367.000,126877.000,156615.000,1194351.000,1347878.000,-12724.000,-151076.000,907548.000,505373.000,-1026435.000,480544.000,1080850.000,43111.000,151086.000,-127570.000,1265062.000,8158.000,258826.000,1423033.000
IncomeTaxExpenseBenefit,,,,,,,,,,,,,143728.000,,-5285.000,33935.000,-67750.000,534655.000,-18850.000,73400.000,502150.000
IncreaseDecreaseInAccountsPayableAndAccruedLiabilities,,,61591.000,,,,29742.000,,,,69109.000,,,,1817402.000,,,,-237270.000,,
IncreaseDecreaseInAccountsReceivable,,,,,,,-178178.000,,,,966704.000,,,,349570.000,,,,-937275.000,,
IncreaseDecreaseInAccountsReceivableRelatedParties,,,,,,,,,,,-115604.000,,,,-33076.000,,,,-14492.000,,
IncreaseDecreaseInInventories,,,109796.000,,,,-212629.000,,,,-405953.000,,,,624923.000,,,,14003.000,,
IncreaseDecreaseInOtherNoncurrentAssets,,,2290.000,,,,,,,,,,,,,,,,-200.000,,
IncreaseDecreaseInOtherOperatingAssets,,,,,,,,,,,,,,,1303.000,,,,,,
IncreaseDecreaseInPrepaidDeferredExpenseAndOtherAssets,,,-76799.000,,,,,,,,,,,,,,,,,,
IncreaseDecreaseInPrepaidExpense,,,,,,,-101744.000,,,,67530.000,,,,,,,,,,
IncreaseDecreaseInPrepaidExpensesOther,,,,,,,,,,,,,,,-10249.000,,,,-51935.000,,
IncreaseDecreaseInReceivables,,,329111.000,,,,,,,,,,,,,,,,,,
IncrementalCommonSharesAttributableToCallOptionsAndWarrants,,,844565.000,1336364.000,1443322.000,,1453846.000,0.000,,,1624528.000,0.000,704839.000,,,,,,,579167.000,573913.000
InterestExpense,-212544.000,-201583.000,-208843.000,-210511.000,-200668.000,-208875.000,201181.000,197094.000,236255.000,212038.000,208843.000,202574.000,,,,,,,,,
InterestExpenseOther,,,,,,,,,,,,,200151.000,,195412.000,191964.000,232105.000,242947.000,236631.000,306169.000,290087.000
InterestIncomeExpenseNet,,-196651.000,,,,,,,,,,,,,,,,,,,
InterestPaid,,,108431.000,,,,85689.000,,,,101299.000,,,,126646.000,,,,191333.000,,
MinorityInterestDecreaseFromDistributionsToNoncontrollingInterestHolders,,,-22782.000,,,,,,,,,,,,,,,,,,
MinorityInterestInNetIncomeLossOtherMinorityInterests,,,-51954.000,-52256.000,-45688.000,-51654.000,,,,,,,,,,,,,,,
NetCashProvidedByUsedInFinancingActivities,,,,,,,359584.000,,,,-808478.000,,,,-927882.000,,,,-651760.000,,
NetCashProvidedByUsedInFinancingActivitiesContinuingOperations,,,,,,,359584.000,,,,-808478.000,,,,-927882.000,,,,-651760.000,,
NetCashProvidedByUsedInInvestingActivities,,,-342859.000,,,,,,,,,,,,,,,,,,
NetCashProvidedByUsedInInvestingActivitiesContinuingOperations,,,-342859.000,,,,,,,,,,,,,,,,,,
NetCashProvidedByUsedInOperatingActivities,,,1531597.000,,,,1221495.000,,,,1443848.000,,,,1329722.000,,,,1288603.000,,
NetCashProvidedByUsedInOperatingActivitiesContinuingOperations,,,1531597.000,,,,1221495.000,,,,1443848.000,,,,1329722.000,,,,1288603.000,,
NetIncomeLoss,368830.000,163798.000,966767.000,136777.000,174215.000,1515451.000,1584878.000,-12724.000,-98076.000,1657548.000,352673.000,-658052.000,336816.000,578132.000,48396.000,117151.000,-59820.000,730407.000,27008.000,185426.000,920883.000
NetIncomeLossAttributableToNoncontrollingInterest,-50555.000,-50489.000,,,,,,,,,,,,,,,,,59379.000,60173.000,60914.000
NetIncomeLossAvailableToCommonStockholdersBasic,237248.000,34062.000,832005.000,2603.000,48390.000,1381879.000,1448652.000,-150626.000,-213553.000,1521590.000,214498.000,-796121.000,198859.000,440329.000,-91315.000,-22420.000,-200528.000,585989.000,-117439.000,41109.000,773667.000
NoncontrollingInterestInNetIncomeLossOtherNoncontrollingInterestsNonredeemable,,,,,,,54308.000,56875.000,35340.000,54040.000,56257.000,57042.000,57820.000,55885.000,57793.000,58544.000,58912.000,57584.000,,,
NonoperatingIncomeExpense,,,,,,,,,,,,-200074.000,-200151.000,,,,,,,,
OperatingIncomeLoss,585265.000,360449.000,966210.000,340888.000,357283.000,1403226.000,1549059.000,180770.000,88779.000,1114586.000,714216.000,-826361.000,680695.000,1287418.000,238523.000,343050.000,104535.000,1508009.000,244789.000,564995.000,1713120.000
OtherCostAndExpenseOperating,,,,,,,1834.000,,,,0.000,,,,,,,,,,
OtherIncome,,,,,,,,,,,,2500.000,,,,,,,,,
OtherNonoperatingIncomeExpense,-3891.000,4932.000,10000.000,-3500.000,0.000,0.000,,3600.000,-3600.000,,,,,,,-191964.000,,,,,
PaymentsForLoans,,,,,,,,,,,,,,,300000.000,,,,,,
PaymentsOfDistributionsToAffiliates,,,,,,,,,,,,,,,,,,,51000.000,,
PaymentsOfDividends,,,,,,,,,,,54315.000,,,,81027.000,,,,87746.000,,
PaymentsToAcquireBuildings,,,,,,,,,,,,,,,,,,,3215197.000,,
PaymentsToAcquirePropertyPlantAndEquipment,,,-362677.000,,,,510928.000,,,,443000.000,,,,282534.000,,,,849062.000,,
PreferredStockAmountOfPreferredDividendsInArrears,,,,,,,81918.000,,,,55206.000,,,,,,,,,,
PreferredStockDividendsAndOtherAdjustments,-81027.000,-79247.000,-82808.000,-81918.000,-80137.000,-81918.000,81918.000,81027.000,80137.000,81918.000,81918.000,81027.000,80137.000,81918.000,81918.000,81027.000,81796.000,86834.000,85068.000,84144.000,86302.000
ProceedsFromStockOptionsExercised,,,,,,,,,,,,,,,,,,,57000.000,,
RepaymentsOfDebt,,,,,,,-34500.000,,,,0.000,,,,,,,,,,
RepaymentsOfDebtAndCapitalLeaseObligations,,,,,,,,,,,,,,,495855.000,,,,570014.000,,
RepaymentsOfLongTermDebt,,,-320077.000,,,,,,,,,,,,,,,,,,
RepaymentsOfOtherLongTermDebt,,,0.000,,,,,,,,,,,,,,,,,,
RepaymentsOfRelatedPartyDebt,,,0.000,,,,,,,,,,,,,,,,,,
RevenueOtherManufacturedProducts,6213501.000,4875856.000,,,,,,,,,,,,,,,,,,,
Revenues,,,7128866.000,5059118.000,4517453.000,7379747.000,6510917.000,4361490.000,4532762.000,8044767.000,6066371.000,3927577.000,3685044.000,8617430.000,5569981.000,4420210.000,5280480.000,11069734.000,7844261.000,9221711.000,8693851.000
SalesRevenueNet,,,7128866.000,5059118.000,4517453.000,7379747.000,6510917.000,4361490.000,4532762.000,8044767.000,6066371.000,3925077.000,3685044.000,8617430.000,5569981.000,4420210.000,5280480.000,11069734.000,7844261.000,9221711.000,8693851.000
SellingGeneralAndAdministrativeExpense,487358.000,554801.000,558639.000,542444.000,472912.000,615130.000,596313.000,545569.000,640529.000,626704.000,614942.000,491000.000,573099.000,489721.000,702142.000,537326.000,601106.000,714675.000,723029.000,664275.000,745924.000
ShareBasedCompensation,,,,,,,13356.000,,,,13356.000,,,,13356.000,,,,,,
ShareBasedCompensationArrangementByShareBasedPaymentAwardOptionsForfeituresAndExpirationsInPeriod,,,1300000.000,,,,,,,,,,,,,,,,,,
ShareBasedCompensationArrangementByShareBasedPaymentAwardOptionsGrantsInPeriodGross,,,2100000.000,,,,,,,,,,,,,,,,,,
StockGrantedDuringPeriodValueSharebasedCompensation,,,213696.000,,,,,,,,,,,,,,,,,,
WeightedAverageNumberOfDilutedSharesOutstanding,26211201.000,26111201.000,26955766.000,27447565.000,27554523.000,-54477815.000,27565047.000,26111201.000,26111201.000,-52112510.000,28085729.000,26723564.000,28014651.000,-55052478.000,27411201.000,27630432.000,27886201.000,-54885634.000,,28940368.000,28935114.000
WeightedAverageNumberOfShareOutstandingBasicAndDiluted,,,,,,,,,,,,26723564.000,,,,27630432.000,,,28202884.000,,
WeightedAverageNumberOfSharesOutstandingBasic,,,26111201.000,26111201.000,26111201.000,-52222402.000,26111201.000,26111201.000,26111201.000,-52134902.000,26461201.000,26723564.000,27309812.000,-53519265.000,27411201.000,27630432.000,27886201.000,-55225923.000,,28361201.000,28361201.000
