,2011-03-31,2011-06-30,2011-09-30,2012-03-31,2012-06-30,2012-09-30,2012-12-31,2013-03-31,2013-06-30,2013-09-30,2013-12-31,2014-03-31,2014-06-30,2014-09-30,2014-12-31,2015-03-31,2015-06-30,2015-09-30,2015-12-31,2016-03-31,2016-06-30,2016-09-30,2016-12-31,2017-03-31,2017-06-30
AdjustmentsNoncashItemsToReconcileNetIncomeLossToCashProvidedByUsedInOperatingActivitiesOther,7000000.000,,,,,,,,,,,,,,,,,,,,,,,,
AllocatedShareBasedCompensationExpense,,,10000000.000,11000000.000,13000000.000,13000000.000,13000000.000,11000000.000,15000000.000,11000000.000,11000000.000,12000000.000,15000000.000,14000000.000,14000000.000,19000000.000,19000000.000,20000000.000,20000000.000,24000000.000,63000000.000,81000000.000,76000000.000,69000000.000,65000000.000
AmortizationOfDebtDiscountPremium,,,,,,,,,,,,,,,,,,,,,,,,-108000000.000,
AmortizationOfFinancingCostsAndDiscounts,12000000.000,,,14000000.000,,,,13000000.000,,,,10000000.000,,,,8000000.000,,,,7000000.000,,,,,
AmortizationOfIntangibleAssets,,,,,74000000.000,74000000.000,,68000000.000,69000000.000,82000000.000,80000000.000,76000000.000,76000000.000,75000000.000,72000000.000,69000000.000,69000000.000,67000000.000,66000000.000,60000000.000,403000000.000,748000000.000,689000000.000,726000000.000,695000000.000
AntidilutiveSecuritiesExcludedFromComputationOfEarningsPerShareAmount,,,,,,,,,,,,,,,,,,1000000.000,,,,,,,
AssetImpairmentCharges,,,,,,,,,0.000,0.000,,,0.000,0.000,,0.000,0.000,0.000,0.000,0.000,0.000,0.000,0.000,0.000,0.000
BusinessAcquisitionProFormaEarningsPerShareBasic,,,,,,,,,,,,,,,,,,,,,1.040,,,,
BusinessAcquisitionProFormaEarningsPerShareDiluted,,,,,,,,,,,,,,,,,,,,,0.990,,,,
BusinessAcquisitionsProFormaNetIncomeLoss,,,,,,,,,,,,,,,,,,,,,280000000.000,,,,
BusinessAcquisitionsProFormaRevenue,,,,,,,,,,,,,,,,,,,,,9988000000.000,,,,
BusinessCombinationAcquisitionRelatedCosts,,,,,,,,,,,,,,12000000.000,,13000000.000,19000000.000,19000000.000,19000000.000,14000000.000,,,,,
CashAndCashEquivalentsPeriodIncreaseDecrease,22000000.000,,,2000000.000,,,,58000000.000,,,,-17000000.000,,,,17000000.000,,,,1273000000.000,,,,1385000000.000,
CashFlowHedgeGainLossReclassifiedToInterestExpenseNet,,,,-8000000.000,,,,,,,,,,,,,,,,,,,,,
CashFlowHedgeGainLossToBeReclassifiedWithinTwelveMonths,,,,,,,,30000000.000,,,,-16000000.000,,,,-8000000.000,,,,-7000000.000,,,,,
ComprehensiveIncomeNetOfTax,,,,,,,,,,,,,,,,,,,,,3116000000.000,190000000.000,,156000000.000,141000000.000
ComprehensiveIncomeNetOfTaxAttributableToNoncontrollingInterest,,,,,,,,,,,,,,,,,,,,,,61000000.000,,56000000.000,56000000.000
ComprehensiveIncomeNetOfTaxIncludingPortionAttributableToNoncontrollingInterest,,,,,,,,,,,,,,,,,,,,-186000000.000,,251000000.000,,212000000.000,197000000.000
CostsAndExpenses,1501000000.000,1521000000.000,1572000000.000,1597000000.000,1615000000.000,1669000000.000,1707000000.000,1694000000.000,1736000000.000,1898000000.000,1902000000.000,1959000000.000,2009000000.000,2069000000.000,2100000000.000,2113000000.000,2161000000.000,2177000000.000,2189000000.000,2228000000.000,5471000000.000,9113000000.000,8836000000.000,9223000000.000,9305000000.000
DeferredIncomeTaxExpenseBenefit,77000000.000,,,70000000.000,,,,2000000.000,,,,62000000.000,,,,34000000.000,,,,28000000.000,,,,16000000.000,
DefinedBenefitPlanAmortizationOfGainsLosses,,,,,,,,,,,,,,,,,,,,,,,,,0.000
DefinedBenefitPlanExpectedReturnOnPlanAssets,,,,,,,,,,,,,,,,,,,,,23000000.000,47000000.000,,47000000.000,47000000.000
DefinedBenefitPlanInterestCost,,,,,,,,,,,,,,,,,,,,,21000000.000,34000000.000,,34000000.000,34000000.000
DefinedBenefitPlanNetPeriodicBenefitCost,,,,,,,,,,,,,,,,,,,,,-485000000.000,38000000.000,,-13000000.000,-13000000.000
DefinedBenefitPlanOtherCosts,,,,,,,,,,,,,,,,,,,,,157000000.000,0.000,,,
DefinedBenefitPlanRecognizedNetGainLossDueToCurtailments,,,,,,,,,,,,,,,,,,,,,675000000.000,0.000,,,0.000
DefinedBenefitPlanServiceCost,,,,,,,,,,,,,,,,,,,,,35000000.000,51000000.000,,,0.000
Depreciation,,,,,,,,,,,,,,,,,,,,,1000000000.000,1700000000.000,,,
DepreciationAmortizationAndAccretionNet,383000000.000,393000000.000,405000000.000,408000000.000,415000000.000,424000000.000,466000000.000,425000000.000,436000000.000,493000000.000,500000000.000,505000000.000,528000000.000,535000000.000,534000000.000,514000000.000,528000000.000,538000000.000,545000000.000,539000000.000,1436000000.000,2437000000.000,2495000000.000,2550000000.000,2595000000.000
DerivativeInstrumentsGainLossRecognizedInOtherComprehensiveIncomeEffectivePortionNet,,,11000000.000,1000000.000,,,,,,,,,,,,,,,,,,,,,
DerivativeInstrumentsNotDesignatedAsHedgingInstrumentsGainLossNet,,,,,,,,,20000000.000,-8000000.000,,-2000000.000,-6000000.000,5000000.000,-4000000.000,-6000000.000,1000000.000,-5000000.000,6000000.000,-5000000.000,,,,,
EarningsPerShareBasic,-0.970,,,,,,,,,,,,,,,,,0.480,,,16.730,0.700,,0.580,0.530
EarningsPerShareBasicAndDiluted,,-0.980,-0.790,-0.950,-0.840,-0.870,-0.390,-0.420,-0.960,-0.680,0.410,-0.350,-0.420,-0.490,-0.440,-0.730,-1.090,,,-1.680,,,,,
EarningsPerShareDiluted,-0.970,,,,,,,,,,,,,,,,,0.480,,,15.170,0.690,,0.570,0.520
FairValueInputsEarningsBeforeInterestTaxesDepreciationAndAmortizationMultiple,,,,,,,,,,,,7.125,,,,,,,,,,,,,
FiniteLivedIntangibleAssetsAmortizationExpense,,,79000000.000,74000000.000,,,,,,,,,,,,,,,,,,,,,
FiniteLivedIntangibleAssetsFutureAmortizationExpense,,,,1700000000.000,,,,,,,,,,,,,,,,,,,,,
ForeignCurrencyTransactionGainLossRealized,,,,,,,,,,,,,,,,,,,,,147000000.000,49000000.000,,-28000000.000,-63000000.000
FutureAmortizationExpenseAfterYearFive,,,,575000000.000,,,,,,,,,,,,,,,,,,,,,
FutureAmortizationExpenseYearFive,,,,187000000.000,,,,,,,,,,,,,,,,,,,,,
FutureAmortizationExpenseYearFour,,,,213000000.000,,,,,,,,,,,,,,,,,,,,,
FutureAmortizationExpenseYearOne,,,,219000000.000,,,,,,,,,,,,,,,,,,,,,
FutureAmortizationExpenseYearThree,,,,240000000.000,,,,,,,,,,,,,,,,,,,,,
FutureAmortizationExpenseYearTwo,,,,266000000.000,,,,,,,,,,,,,,,,,,,,,
GainLossOnDerivativeInstrumentsNetPretax,,,,,,,,-3000000.000,,,,,,,,,,,,,,,,,
GainLossOnDispositionOfAssets1,,,,,,,,,0.000,-5000000.000,,-3000000.000,1000000.000,-1000000.000,-7000000.000,-3000000.000,-3000000.000,1000000.000,1000000.000,0.000,7000000.000,2000000.000,-7000000.000,3000000.000,0.000
GainLossOnForeignCurrencyDerivativeInstrumentsNotDesignatedAsHedgingInstruments,,,,,,,,,,,,,,,,,,,,,-185000000.000,17000000.000,,65000000.000,-7000000.000
GainLossOnInterestRateDerivativeInstrumentsNotDesignatedAsHedgingInstruments,,,,,,,,,,,,,,,,,,,,,1000000.000,7000000.000,,2000000.000,2000000.000
GainsLossesOnExtinguishmentOfDebt,-67000000.000,-53000000.000,-4000000.000,-15000000.000,-59000000.000,0.000,19000000.000,-42000000.000,-81000000.000,0.000,0.000,0.000,0.000,0.000,0.000,,-128000000.000,0.000,,,-110000000.000,0.000,,-34000000.000,-1000000.000
GainsLossesOnSalesOfAssets,,,0.000,,,,,,,,,,,,,,,,,,,,,,
IncomeLossFromContinuingOperations,,,,230000000.000,,,,,,,,,,,,,,,,,,,,,
IncomeLossFromContinuingOperationsBeforeIncomeTaxesExtraordinaryItemsNoncontrollingInterest,,,,-23000000.000,-15000000.000,-18000000.000,9000000.000,-33000000.000,-38000000.000,-13000000.000,35000000.000,27000000.000,20000000.000,6000000.000,0.000,-46000000.000,-87000000.000,-88000000.000,-110000000.000,-160000000.000,-65000000.000,266000000.000,779000000.000,236000000.000,243000000.000
IncomeLossFromContinuingOperationsBeforeIncomeTaxesMinorityInterestAndIncomeLossFromEquityMethodInvestments,-31000000.000,-26000000.000,-13000000.000,,,,,,,,,,,,,,,,,,,,,,
IncomeLossFromEquityMethodInvestments,,,,0.000,,,,0.000,,,,0.000,,,,0.000,,,,0.000,-2000000.000,-5000000.000,21000000.000,,
IncomeLossFromSubsidiariesBeforeTax,,,,,,,,,,,,,,,,,,,,,,,,0.000,
IncomeTaxExpenseBenefit,79000000.000,81000000.000,72000000.000,71000000.000,68000000.000,69000000.000,49000000.000,9000000.000,58000000.000,57000000.000,-4000000.000,64000000.000,65000000.000,59000000.000,48000000.000,35000000.000,35000000.000,-142000000.000,12000000.000,28000000.000,,16000000.000,,25000000.000,48000000.000
IncomeTaxReconciliationChangeInEnactedTaxRate,,,,,,,,,,,,,,,,,,,,,,44000000.000,,,
IncomeTaxesPaid,,,,,,,,,,,,,,,,,,,,,,,,1000000.000,
IncreaseDecreaseInAccountsPayableAndAccruedLiabilities,-4000000.000,,,-2000000.000,,,,76000000.000,,,,19000000.000,,,,30000000.000,,,,3000000.000,,,,-54000000.000,
IncreaseDecreaseInAccountsReceivable,24000000.000,,,-40000000.000,,,,-26000000.000,,,,-18000000.000,,,,-21000000.000,,,,-24000000.000,,,,-236000000.000,
IncreaseDecreaseInDeferredIncomeTaxes,,,,,,,,-55000000.000,-8000000.000,,,,,,,,,,,,,,,,
IncreaseDecreaseInDueToRelatedParties,,,,0.000,,,,0.000,,,,0.000,,,,0.000,,,,0.000,,,,,
IncreaseDecreaseInOtherOperatingCapitalNet,,,,-11000000.000,,,,,,,,,,,,,,,,,,,,,
IncreaseDecreaseInPrepaidDeferredExpenseAndOtherAssets,-9000000.000,,,8000000.000,,,,16000000.000,,,,17000000.000,,,,26000000.000,,,,21000000.000,,,,83000000.000,
IncreaseDecreaseInRestrictedCash,,,,,,,,,,,,,,,,1000000.000,,,,49000000.000,,,,0.000,
IncrementalCommonSharesAttributableToShareBasedPaymentArrangements,,,,,,,,,,,,,,,,,,1411772.000,,,2351592.000,4109943.000,,4194692.000,3848350.000
InterestExpense,233000000.000,241000000.000,244000000.000,237000000.000,225000000.000,229000000.000,216000000.000,210000000.000,211000000.000,214000000.000,211000000.000,211000000.000,210000000.000,217000000.000,,289000000.000,,,,,,,,,
InterestIncomeExpenseNet,,,,,,,,,,,,,,,,-289000000.000,-229000000.000,-353000000.000,-435000000.000,-454000000.000,-593000000.000,-724000000.000,-728000000.000,-713000000.000,-749000000.000
InterestPaidNet,202000000.000,,,216000000.000,,,,120000000.000,,,,225000000.000,,,,255000000.000,,,,448000000.000,,,,892000000.000,
InterestRateCashFlowHedgeGainLossReclassifiedToEarningsNet,,,,,,,,,,,,,,,,,,,,,-2000000.000,-2000000.000,,-1000000.000,-2000000.000
LeaseAndRentalExpense,,,,,,,,,,,,,,,,,,,,,44000000.000,79000000.000,,,
LimitedLiabilityCompanyLLCOrLimitedPartnershipLPManagingMemberOrGeneralPartnerOwnershipInterest,,,,,,,,,,,,1.000,,,,,,,,,,,,,
LossContingencyDamagesSoughtValue,,,,,,,,,,,,,,,,,,,,,,,,140000000.000,6000000.000
MarketingAndAdvertisingExpense,,,,,,,,,116000000.000,128000000.000,,133000000.000,135000000.000,136000000.000,125000000.000,136000000.000,135000000.000,138000000.000,210000000.000,162000000.000,377000000.000,591000000.000,569000000.000,582000000.000,601000000.000
NetCashProvidedByUsedInFinancingActivities,-44000000.000,,,-87000000.000,,,,-51000000.000,,,,-95000000.000,,,,-70000000.000,,,,1385000000.000,,,,254000000.000,
NetCashProvidedByUsedInFinancingActivitiesContinuingOperations,-44000000.000,,,-87000000.000,,,,-51000000.000,,,,-95000000.000,,,,-70000000.000,,,,1385000000.000,,,,254000000.000,
NetCashProvidedByUsedInInvestingActivities,-381000000.000,,,-365000000.000,,,,-432000000.000,,,,-499000000.000,,,,-441000000.000,,,,-536000000.000,,,,-1712000000.000,
NetCashProvidedByUsedInInvestingActivitiesContinuingOperations,-381000000.000,,,-365000000.000,,,,-432000000.000,,,,-499000000.000,,,,-441000000.000,,,,-536000000.000,,,,-1712000000.000,
NetCashProvidedByUsedInOperatingActivities,447000000.000,,,454000000.000,,,,541000000.000,,,,577000000.000,,,,528000000.000,,,,424000000.000,,,,2843000000.000,
NetCashProvidedByUsedInOperatingActivitiesContinuingOperations,447000000.000,,,454000000.000,,,,541000000.000,,,,577000000.000,,,,528000000.000,,,,424000000.000,,,,2843000000.000,
NetIncomeLoss,,,,-94000000.000,,,,-42000000.000,,,,-37000000.000,,,,-81000000.000,,,,-188000000.000,3067000000.000,189000000.000,454000000.000,155000000.000,139000000.000
NetIncomeLossAttributableToNoncontrollingInterest,,,,0.000,,,,0.000,,,,0.000,,,,0.000,,,,,47000000.000,61000000.000,,56000000.000,56000000.000
NetIncomeLossAttributableToParentDiluted,,,,,,,,,,,,,,,,,,,,,3114000000.000,189000000.000,,,139000000.000
NewAccountingPronouncementOrChangeInAccountingPrincipleEffectOfAdoptionQuantification,,,,,,,,,,,,,,,,,,,,,,,,56000000.000,15000000.000
NonoperatingIncomeExpense,-300000000.000,-296000000.000,-250000000.000,-253000000.000,-284000000.000,-229000000.000,-197000000.000,-256000000.000,-274000000.000,-233000000.000,-211000000.000,-216000000.000,-230000000.000,-212000000.000,-260000000.000,-295000000.000,-356000000.000,-361000000.000,-433000000.000,-462000000.000,-755000000.000,-658000000.000,-660000000.000,-705000000.000,-809000000.000
NumberOfReportableSegments,,,,,,,,,,,,,,,,,,,,,,,,1.000,
OperatingCostsAndExpenses,,,792000000.000,814000000.000,831000000.000,858000000.000,,,,,,,,,,,,,,,,,,,
OperatingExpenses,,,,,,,,1258000000.000,1295000000.000,1397000000.000,1395000000.000,1447000000.000,1479000000.000,1518000000.000,1529000000.000,1581000000.000,1601000000.000,1620000000.000,1624000000.000,1671000000.000,4004000000.000,6482000000.000,6498000000.000,6579000000.000,6575000000.000
OperatingIncomeLoss,269000000.000,270000000.000,237000000.000,230000000.000,269000000.000,211000000.000,206000000.000,223000000.000,236000000.000,220000000.000,246000000.000,243000000.000,250000000.000,218000000.000,260000000.000,249000000.000,269000000.000,273000000.000,323000000.000,302000000.000,690000000.000,924000000.000,1439000000.000,941000000.000,1052000000.000
OtherComprehensiveIncomeLossDerivativesQualifyingAsHedgesNetOfTax,,,,,,,,,,,,,,,,,,,,,2000000.000,2000000.000,,1000000.000,2000000.000
OtherComprehensiveIncomeLossForeignCurrencyTransactionAndTranslationAdjustmentNetOfTax,,,,,,,,,,,,,,,,,,,,,,-1000000.000,,,
OtherComprehensiveIncomeLossNetOfTax,,,,,-95000000.000,-94000000.000,,-31000000.000,-88000000.000,-62000000.000,46000000.000,-31000000.000,-40000000.000,-48000000.000,-45000000.000,-78000000.000,-120000000.000,56000000.000,-120000000.000,,,,,,
OtherComprehensiveIncomeLossNetOfTaxPeriodIncreaseDecrease,,,96000000.000,-93000000.000,,,,,,,,,,,,,,,,,,,,,
OtherComprehensiveIncomeUnrealizedGainLossOnDerivativesArisingDuringPeriodNetOfTax,,,,,-12000000.000,-7000000.000,,11000000.000,,,,,,,,,,,,,,,,,
OtherCostAndExpenseOperating,5000000.000,1000000.000,1000000.000,3000000.000,-4000000.000,,,,194000000.000,212000000.000,,201000000.000,209000000.000,227000000.000,245000000.000,231000000.000,248000000.000,260000000.000,178000000.000,252000000.000,666000000.000,1122000000.000,1086000000.000,1029000000.000,856000000.000
OtherNoncashIncomeExpense,,,,,,,,-12000000.000,,,,-15000000.000,,,,-22000000.000,,,,-27000000.000,,,,-6000000.000,
OtherNonoperatingIncomeExpense,0.000,-2000000.000,-2000000.000,-1000000.000,0.000,0.000,0.000,-1000000.000,-2000000.000,-11000000.000,-2000000.000,-3000000.000,-14000000.000,,,,,-3000000.000,,-3000000.000,-2000000.000,-5000000.000,-4000000.000,4000000.000,-2000000.000
OtherNonrecurringExpense,,,-1000000.000,,,,,,5000000.000,3000000.000,,4000000.000,3000000.000,3000000.000,4000000.000,2000000.000,10000000.000,1000000.000,2000000.000,4000000.000,2000000.000,4000000.000,7000000.000,2000000.000,4000000.000
OtherOperatingIncomeExpenseNet,,,1000000.000,-3000000.000,4000000.000,-3000000.000,-13000000.000,-11000000.000,-5000000.000,-8000000.000,-7000000.000,-7000000.000,-2000000.000,-16000000.000,-37000000.000,-18000000.000,-32000000.000,-19000000.000,-20000000.000,-18000000.000,-31000000.000,-194000000.000,157000000.000,-94000000.000,-135000000.000
PaymentsForProceedsFromOtherInvestingActivities,6000000.000,,,13000000.000,,,,9000000.000,,,,-4000000.000,,,,13000000.000,,,,2000000.000,,,,7000000.000,
PaymentsForRepurchaseOfCommonStock,207000000.000,,,3000000.000,,,,5000000.000,,,,11000000.000,,,,16000000.000,,,,16000000.000,,,,895000000.000,
PaymentsForRepurchaseOfRedeemableNoncontrollingInterest,,,,,,,,,,,,,,,,,,,,,,,,27000000.000,
PaymentsOfCapitalDistribution,,,,,,,,,,,,,,,,,,,,,,,,0.000,
PaymentsOfDebtIssuanceCosts,22000000.000,,,10000000.000,,,,12000000.000,,,,0.000,,,,,,,,17000000.000,,,,21000000.000,
PaymentsOfDistributionsToAffiliates,,,,0.000,,,,0.000,,,,,,,,0.000,,,,,,,,0.000,
PaymentsOfDividendsMinorityInterest,,,,,,,,,,,,,,,,,,,,,,,,38000000.000,
PaymentsToAcquirePropertyPlantAndEquipment,356000000.000,,,340000000.000,,,,412000000.000,,,,539000000.000,,,,351000000.000,,,,429000000.000,,,,1555000000.000,
ProceedsFromContributionsFromAffiliates,,,,0.000,,,,0.000,,,,0.000,,,,0.000,,,,0.000,,,,0.000,
ProceedsFromContributionsFromParent,,,,0.000,,,,0.000,,,,,,,,0.000,,,,,,,,0.000,
ProceedsFromInterestAndDividendsReceived,,,,,,,,,,,,,,,,,,,,22000000.000,,,,,
ProceedsFromIssuanceOfLongTermDebt,1846000000.000,,,1469000000.000,,,,1315000000.000,,,,293000000.000,,,,332000000.000,,,,2139000000.000,,,,4640000000.000,
ProceedsFromOtherEquity,,,,,,,,,,,,,,,,6000000.000,,,,,,,,,
ProceedsFromPaymentsForLongTermLoansForRelatedParties,,,,,,,,,,,,,,,,0.000,,,,0.000,,,,0.000,
ProceedsFromPaymentsForOtherFinancingActivities,5000000.000,,,-4000000.000,,,,6000000.000,,,,5000000.000,,,,0.000,,,,1000000.000,,,,-2000000.000,
ProceedsFromStockOptionsExercised,,,,,,,,,,,,,,,,,,,,5000000.000,,,,72000000.000,
ProfitLoss,-110000000.000,-107000000.000,-85000000.000,-94000000.000,-83000000.000,-87000000.000,-40000000.000,-42000000.000,-96000000.000,-70000000.000,39000000.000,-37000000.000,-45000000.000,-53000000.000,-48000000.000,-81000000.000,-122000000.000,54000000.000,-122000000.000,-188000000.000,3114000000.000,250000000.000,569000000.000,211000000.000,195000000.000
RepaymentsOfLongTermDebt,1666000000.000,,,1539000000.000,,,,1355000000.000,,,,388000000.000,,,,392000000.000,,,,727000000.000,,,,3475000000.000,
Revenues,1770000000.000,1791000000.000,1809000000.000,1827000000.000,1884000000.000,1880000000.000,1913000000.000,1917000000.000,1972000000.000,2118000000.000,2148000000.000,2202000000.000,2259000000.000,2287000000.000,2360000000.000,2362000000.000,2430000000.000,2450000000.000,2512000000.000,2530000000.000,6161000000.000,10037000000.000,10275000000.000,10164000000.000,10357000000.000
SalesRevenueNet,1770000000.000,1791000000.000,1809000000.000,1827000000.000,1884000000.000,1880000000.000,1913000000.000,1917000000.000,1972000000.000,2118000000.000,2148000000.000,2202000000.000,2259000000.000,2287000000.000,2360000000.000,2362000000.000,2430000000.000,2450000000.000,2512000000.000,2530000000.000,6161000000.000,10037000000.000,10275000000.000,10164000000.000,10357000000.000
SellingGeneralAndAdministrativeExpense,345000000.000,343000000.000,374000000.000,372000000.000,373000000.000,384000000.000,,,,,,,,,,,,,,,,,,,
ShareBasedCompensation,,,,,,,,,,,,,,,,,,,,,,,,69000000.000,
ShareBasedCompensationArrangementByShareBasedPaymentAwardAcceleratedCompensationCost,,,,,,,,,,,,,,,,,,,,,,,,17000000.000,
ShareBasedCompensationArrangementByShareBasedPaymentAwardNumberOfAdditionalSharesAuthorized,,,,,,,,,6000000.000,6000000.000,,,,,,,,,,,,,,,
SharesPaidForTaxWithholdingForShareBasedCompensation,,,,5358.000,,,,,,,,,,,,,,,,,,,,,
StockRepurchaseProgramAuthorizedAmount,,,200000000.000,,,,,,,,,,,,,,,,,,,,,,
TreasuryStockSharesAcquired,,,2400000.000,,,,,,,,,,,,,,,,,,,,,,10042488.000
TreasuryStockValueAcquiredCostMethod,,,116000000.000,,,,,,,,,,,,,,,,,,,,,,3328000000.000
UnrecognizedTaxBenefitsDecreasesResultingFromPriorPeriodTaxPositions,,,,,,,,163000000.000,,,,,,,,,,,,,,,,,
UnrecognizedTaxBenefitsIncreasesResultingFromAcquisition,,,,,,,,,,,,,,,,,,,,,218000000.000,,,,
ValuationAllowanceDeferredTaxAssetChangeInAmount,,,,,,,,,,,,,,,,,,,,,3300000000.000,,,,
WeightedAverageNumberOfDilutedSharesOutstanding,113224303.000,,,,,,,,,,,,,,,,,113339885.000,,,205214266.000,275373202.000,,273199509.000,267309261.000
WeightedAverageNumberOfShareOutstandingBasicAndDiluted,,,,,99496755.000,99694672.000,,100327418.000,100600678.000,102924443.000,-201917909.000,106439198.000,107975937.000,108792605.000,-214833580.000,111655617.000,111783504.000,,,112311539.000,,,,,
WeightedAverageNumberOfSharesOutstandingBasic,113224303.000,,,,,,,,,,,,,,,,,111928113.000,,,183362776.000,271263259.000,,269004817.000,263460911.000
