,2011-06-30,2011-09-30,2012-03-31,2012-06-30,2012-09-30,2012-12-31,2013-03-31,2013-06-30,2013-09-30,2013-12-31,2014-03-31,2014-06-30,2014-09-30,2014-12-31,2015-03-31,2015-06-30,2015-09-30,2015-12-31,2016-03-31,2016-06-30,2016-09-30,2016-12-31,2017-03-31
AccretionExpense,,,,,,,,,,,,,,,,,,,,,,,0.000
AmortizationOfDebtDiscountPremium,,,,,,,,,,,,,,,,,,,,,,,200000.000
AmortizationOfFinancingCostsAndDiscounts,,,237000.000,,,,192000.000,,,,281000.000,,,,257000.000,,,,232000.000,,,,219000.000
AntidilutiveSecuritiesExcludedFromComputationOfEarningsPerShareAmount,,,,18401231.000,18193938.000,,18979740.000,19536812.000,17212805.000,-38555983.000,17144082.000,22507907.000,18748777.000,-14700766.000,40100000.000,,,,1100000.000,,,,4700000.000
BusinessCombinationStepAcquisitionEquityInterestInAcquireeRemeasurementGain,,,,,,,,4892000.000,0.000,,,0.000,0.000,,,,,,,,,,
CapitalExpendituresIncurredButNotYetPaid,,,,,,,0.000,,,,,,,,,,,,,,,,
CapitalLeaseObligationsIncurred,,,0.000,,,,0.000,,,,,,,,,,,,,,,,
CashAndCashEquivalentsPeriodIncreaseDecrease,,,-2523000.000,,,,-9313000.000,,,,-2706000.000,,,,-1423000.000,,,,-4980000.000,,,,-6305000.000
ComprehensiveIncomeNetOfTax,,,,,,,-7777000.000,-3135000.000,-5366000.000,-9643000.000,-10450000.000,-11635000.000,-9327000.000,-5512000.000,-21922000.000,4665000.000,1637000.000,-2828000.000,-5588000.000,-6535000.000,-5326000.000,-4335000.000,-7604000.000
ConcentrationRiskPercentage1,,,,,,,1.000,,,,1.000,,,,1.000,1.000,1.000,-2.000,1.000,1.000,1.000,-2.000,1.000
ConversionOfStockAmountConverted1,,,,,,,,,,,,,,,10000.000,,,,0.000,,,,
CostOfGoodsSold,1109000.000,942000.000,853000.000,1032000.000,703000.000,1412000.000,756000.000,608000.000,931000.000,1126000.000,421000.000,766000.000,337000.000,1416000.000,598000.000,1296000.000,502000.000,790000.000,567000.000,585000.000,618000.000,945000.000,
CostOfGoodsSoldAmortization,,,,,,,,,,,,,,,,,,,,,,,306000.000
DebtInstrumentPeriodicPayment,,,,,,,,,,,868000.000,,,,,,,,,,,,
DebtInstrumentPeriodicPaymentPrincipal,,,,,,,825000.000,,,,,,,,,,,,,,,,600000.000
DeferredRevenueRevenueRecognized,,,,,,,638000.000,638000.000,,,,,,,,,,,,,,,
DepreciationDepletionAndAmortization,,,220000.000,,,,200000.000,,,,160000.000,,,,213000.000,,,,291000.000,,,,442000.000
EarningsPerShareBasic,,,,,,,,,,,,,,,,0.030,0.010,,,-0.430,-0.260,,
EarningsPerShareBasicAndDiluted,,,,-0.130,-0.190,,-0.110,-0.050,-0.080,-0.150,-0.140,-0.150,-0.120,-0.070,-0.210,,,,-0.410,,,,-0.330
EarningsPerShareDiluted,-0.100,-0.150,-0.160,,,,,,,,,,,,,0.030,0.010,,,-0.430,-0.260,,
EffectOfExchangeRateOnCashAndCashEquivalents,,,,,,,-70000.000,,,,3000.000,,,,15000.000,,,,85000.000,,,,20000.000
ExtinguishmentOfDebtGainLossNetOfTax,,,,,,,,-708000.000,0.000,,,0.000,0.000,,,-260000.000,0.000,,,,,,
FairValueAdjustmentOfWarrants,,,,,,,,,,,,,,,15444000.000,-13122000.000,-7310000.000,-2680000.000,0.000,,,,
GainLossOnDispositionOfAssets,,,,,,,,-257000.000,0.000,,,-1000.000,-14000.000,,,-1000.000,-3000.000,,,,,,
GainLossOnSaleOfBusiness,,,,,,,,,,,4500000.000,,,,,,,,,,,,
GainLossOnSaleOfOtherAssets,,,,,,,,,,,,,,,,,,,-2000.000,,,,-2000.000
GeneralAndAdministrativeExpense,4147000.000,3538000.000,3924000.000,3788000.000,3777000.000,4183000.000,3846000.000,4046000.000,4332000.000,3807000.000,4340000.000,4602000.000,4179000.000,2832000.000,2499000.000,2793000.000,2370000.000,2103000.000,2286000.000,2328000.000,2011000.000,1938000.000,2108000.000
GrossProfit,1302000.000,1192000.000,628000.000,915000.000,611000.000,2555000.000,636000.000,800000.000,685000.000,1580000.000,610000.000,169000.000,181000.000,1053000.000,304000.000,318000.000,264000.000,766000.000,766000.000,541000.000,113000.000,521000.000,-125000.000
IncomeLossFromEquityMethodInvestments,-56000.000,-51000.000,-50000.000,-37000.000,-42000.000,-36000.000,-48000.000,0.000,0.000,0.000,0.000,0.000,0.000,0.000,,,,,,,,,
IncreaseDecreaseInAccountsPayableAndAccruedLiabilities,,,-83000.000,,,,-523000.000,,,,351000.000,,,,138000.000,,,,176000.000,,,,-484000.000
IncreaseDecreaseInAccountsReceivable,,,-859000.000,,,,-868000.000,,,,-49000.000,,,,-546000.000,,,,-155000.000,,,,-335000.000
IncreaseDecreaseInDeferredRevenue,,,,,,,-1203000.000,,,,-165000.000,,,,21000.000,,,,-4000.000,,,,12000.000
IncreaseDecreaseInInventories,,,56000.000,,,,477000.000,,,,551000.000,,,,-100000.000,,,,206000.000,,,,-7000.000
IncreaseDecreaseInOtherCurrentAssets,,,,,,,28000.000,,,,172000.000,,,,470000.000,,,,408000.000,,,,65000.000
IncreaseDecreaseInOtherNoncurrentAssets,,,,,,,974000.000,,,,-379000.000,,,,-68000.000,,,,211000.000,,,,-24000.000
IncrementalCommonSharesAttributableToCallOptionsAndWarrants,,,,,,,,,,,,,,,,8400000.000,4200000.000,,,,,,
InterestExpense,696000.000,489000.000,865000.000,860000.000,857000.000,804000.000,709000.000,652000.000,1094000.000,941000.000,941000.000,1085000.000,1260000.000,1085000.000,1072000.000,936000.000,669000.000,702000.000,657000.000,645000.000,645000.000,645000.000,591000.000
InterestPaid,,,625000.000,,,,520000.000,,,,659000.000,,,,612000.000,,,,400000.000,,,,384000.000
InvestmentIncomeInterest,1000.000,3000.000,2000.000,1000.000,0.000,1000.000,0.000,1000.000,1000.000,2000.000,2000.000,1000.000,1000.000,2000.000,1000.000,3000.000,3000.000,2000.000,2000.000,2000.000,4000.000,11000.000,11000.000
NetCashProvidedByUsedInFinancingActivities,,,5216000.000,,,,332000.000,,,,6895000.000,,,,3779000.000,,,,62000.000,,,,-335000.000
NetCashProvidedByUsedInFinancingActivitiesContinuingOperations,,,5216000.000,,,,332000.000,,,,6895000.000,,,,3779000.000,,,,62000.000,,,,-335000.000
NetCashProvidedByUsedInInvestingActivities,,,-25000.000,,,,-281000.000,,,,-642000.000,,,,-187000.000,,,,-69000.000,,,,-1163000.000
NetCashProvidedByUsedInInvestingActivitiesContinuingOperations,,,-25000.000,,,,-281000.000,,,,-642000.000,,,,-187000.000,,,,-69000.000,,,,-1163000.000
NetCashProvidedByUsedInOperatingActivities,,,-7714000.000,,,,-9294000.000,,,,-8962000.000,,,,-5030000.000,,,,-5058000.000,,,,-4827000.000
NetCashProvidedByUsedInOperatingActivitiesContinuingOperations,,,-7714000.000,,,,-9294000.000,,,,-8962000.000,,,,-5030000.000,,,,-5058000.000,,,,-4827000.000
NetIncomeLoss,-5138000.000,-8335000.000,-9325000.000,-7883000.000,-11248000.000,-3823000.000,-7667000.000,-3211000.000,-5258000.000,-10041000.000,-10400000.000,-11828000.000,-9385000.000,-5755000.000,-21958000.000,4450000.000,1527000.000,-2763000.000,-5339000.000,-6405000.000,-5384000.000,-4918000.000,-7544000.000
NetIncomeLossAvailableToCommonStockholdersBasic,,,,,,,,,,,,,,,-22619000.000,4450000.000,1527000.000,-2763000.000,-5339000.000,-6405000.000,-5384000.000,-4918000.000,
NoncashOrPartNoncashAcquisitionFixedAssetsAcquired1,,,795000.000,,,,,,,,,,,,,,,,,,,,
NonoperatingIncomeExpense,-766000.000,-512000.000,-960000.000,-923000.000,-916000.000,-1062000.000,-930000.000,3152000.000,3203000.000,-923000.000,-853000.000,-1143000.000,-1495000.000,-1440000.000,-961000.000,-1342000.000,-470000.000,-685000.000,-242000.000,-181000.000,-587000.000,-1330000.000,-415000.000
OperatingExpenses,5685000.000,9020000.000,8996000.000,10304000.000,10945000.000,8674000.000,9739000.000,8022000.000,10241000.000,11452000.000,10560000.000,11210000.000,8656000.000,6669000.000,22745000.000,-3627000.000,-22000.000,4663000.000,7448000.000,8464000.000,6789000.000,5670000.000,8022000.000
OperatingIncomeLoss,-4372000.000,-7823000.000,-8365000.000,-6960000.000,-10332000.000,-2761000.000,-6737000.000,-6363000.000,-8461000.000,-9118000.000,-9547000.000,-10685000.000,-7890000.000,-4315000.000,-20997000.000,5792000.000,1997000.000,-2078000.000,-5097000.000,-6224000.000,-4797000.000,-3588000.000,-7129000.000
OtherComprehensiveIncomeLossForeignCurrencyTransactionAndTranslationAdjustmentNetOfTax,,,,,,,-110000.000,76000.000,-108000.000,398000.000,-50000.000,193000.000,58000.000,243000.000,36000.000,215000.000,110000.000,-65000.000,-249000.000,-130000.000,58000.000,583000.000,-60000.000
OtherNonoperatingIncomeExpense,-15000.000,25000.000,-47000.000,-27000.000,-17000.000,-223000.000,-173000.000,-124000.000,-96000.000,-45000.000,86000.000,-58000.000,-222000.000,-414000.000,110000.000,-148000.000,199000.000,8000.000,413000.000,462000.000,54000.000,-696000.000,165000.000
OtherSignificantNoncashTransactionValueOfConsiderationGiven1,,,,,,,,,,,,,,,3000.000,,,,0.000,,,,
PaymentsForPreviousAcquisition,,,,,,,,,,,,,,,2800000.000,,,,,,,,
PaymentsForProceedsFromPreviousAcquisition,,,,,,,,,,,,,,,3200000.000,,,,,,,,
PaymentsOfDividendsPreferredStockAndPreferenceStock,,,,,,,,,,,,,,,72000.000,,,,0.000,,,,
PaymentsOfStockIssuanceCosts,,,56000.000,,,,184000.000,,,,0.000,,,,,,,,,,,,
PaymentsToAcquireIntangibleAssets,,,,,,,,,,,155000.000,,,,0.000,,,,,,,,
PaymentsToAcquireInterestInJointVenture,,,,,,,,,,,2138000.000,,,,123000.000,,,,500000.000,,,,0.000
PaymentsToAcquirePropertyPlantAndEquipment,,,25000.000,,,,81000.000,,,,287000.000,,,,187000.000,,,,69000.000,,,,5000.000
PreferredStockDividendRatePercentage,,,,,,,,,,,,,,,,,,,,,,,0.036
PreferredStockDividendsAndOtherAdjustments,,,,,,,,,,,,,,,661000.000,0.000,0.000,0.000,0.000,,,,
ProceedsFromIssuanceOfCommonStock,,,4396000.000,,,,3001000.000,,,,9000000.000,,,,3974000.000,,,,562000.000,,,,1435000.000
ProceedsFromStockOptionsExercised,,,,,,,0.000,,,,33000.000,,,,0.000,,,,,,,,
ProvisionForDoubtfulAccounts,,,-24000.000,,,,87000.000,,,,465000.000,,,,0.000,,,,,,,,
RelatedPartyTransactionRevenuesFromTransactionsWithRelatedParty,0.000,0.000,,,,,,,,,,,,,,,,,,,,,
RepaymentsOfLongTermDebt,,,71000.000,,,,2485000.000,,,,0.000,,,,,,,,,,,,1770000.000
ResearchAndDevelopmentArrangementWithFederalGovernmentCustomerFundingToOffsetCostsIncurred,,,,,4700000.000,,,,,,,,,,,,,,,,,,
ResearchAndDevelopmentExpense,3071000.000,2830000.000,2836000.000,3224000.000,3555000.000,4013000.000,3720000.000,4150000.000,4123000.000,5072000.000,4292000.000,4674000.000,3140000.000,2999000.000,3963000.000,6048000.000,4352000.000,4637000.000,4127000.000,5247000.000,3960000.000,2863000.000,3289000.000
Revenues,2411000.000,2134000.000,,,,,1392000.000,1408000.000,1616000.000,2706000.000,1031000.000,935000.000,518000.000,2469000.000,902000.000,1614000.000,766000.000,1556000.000,1333000.000,1126000.000,731000.000,1466000.000,591000.000
SalesRevenueGoodsNet,2411000.000,2134000.000,1481000.000,1947000.000,1314000.000,3967000.000,,,,,,,,,,,,,,,,,
SalesRevenueNet,2411000.000,2134000.000,,,,,1392000.000,1408000.000,1616000.000,2706000.000,1031000.000,935000.000,518000.000,2469000.000,902000.000,1614000.000,766000.000,1556000.000,1333000.000,1126000.000,731000.000,1466000.000,591000.000
SellingAndMarketingExpense,3716000.000,3618000.000,2376000.000,2581000.000,2450000.000,2081000.000,2257000.000,2410000.000,1786000.000,2573000.000,1928000.000,1934000.000,1471000.000,1073000.000,839000.000,654000.000,566000.000,603000.000,1035000.000,889000.000,818000.000,869000.000,939000.000
ShareBasedCompensation,,,942000.000,,,,873000.000,,,,687000.000,,,,459000.000,,,,317000.000,,,,199000.000
WeightedAverageNumberOfDilutedSharesOutstanding,52411642.000,53900250.000,57484990.000,,,,,,,,,,,,,147368073.000,157968958.000,,,14778616.000,20493840.000,,
WeightedAverageNumberOfShareOutstandingBasicAndDiluted,,,,58676092.000,58713036.000,,66990950.000,67200588.000,67248384.000,-133658558.000,74102396.000,76682643.000,80430061.000,-150384402.000,106208857.000,,,,13086376.000,,,,22736366.000
WeightedAverageNumberOfSharesOutstandingBasic,,,,,,,,,,,,,,,,138992108.000,153798471.000,,,14778616.000,20493840.000,,
