,2011-03-31,2011-09-30,2011-12-31,2012-03-31,2012-06-30,2012-09-30,2012-12-31,2013-03-31,2013-06-30,2013-09-30,2013-12-31,2014-03-31,2014-06-30,2014-09-30,2014-12-31,2015-03-31,2015-06-30,2015-09-30,2015-12-31,2016-03-31,2016-06-30,2016-09-30,2016-12-31,2017-03-31
AmortizationOfIntangibleAssets,,2809000.000,,,,3055000.000,,,,3249000.000,,,,6491000.000,,,,6083000.000,,,,6237000.000,,
AntidilutiveSecuritiesExcludedFromComputationOfEarningsPerShareAmount,,30000.000,251000.000,112000.000,-253000.000,221000.000,171000.000,180000.000,-360000.000,272000.000,272000.000,306000.000,-561000.000,239000.000,440000.000,450000.000,-694000.000,802000.000,702000.000,,,680000.000,258000.000,
CashAndCashEquivalentsPeriodIncreaseDecrease,,-17874000.000,,,,-21769000.000,,,,3713000.000,,,,-19156000.000,,,,-5504000.000,,,,-1839000.000,,
CommonStockDividendsPerShareCashPaid,0.170,0.190,0.190,0.210,,0.210,0.210,0.230,,0.230,0.230,0.250,,0.250,0.250,0.270,,0.270,0.270,0.280,0.280,0.280,0.280,0.290
ComprehensiveIncomeNetOfTax,,23487000.000,20198000.000,35449000.000,20017000.000,38680000.000,26582000.000,23997000.000,30038000.000,27475000.000,18599000.000,26610000.000,41943000.000,10034000.000,12254000.000,2543000.000,32097000.000,-3179000.000,17274000.000,-31610000.000,21717000.000,25114000.000,14266000.000,37704000.000
CostOfGoodsAndServicesSold,409404000.000,420870000.000,414928000.000,437848000.000,447327000.000,445986000.000,426598000.000,447254000.000,459371000.000,435510000.000,418566000.000,446786000.000,472090000.000,507393000.000,495989000.000,492631000.000,485734000.000,460892000.000,437179000.000,458379000.000,455556000.000,446518000.000,435667000.000,488502000.000
Depreciation,,2818000.000,2780000.000,2790000.000,2848000.000,3022000.000,3014000.000,3198000.000,3267000.000,3431000.000,,,,4211000.000,,,,3930000.000,,,,3650000.000,,
DepreciationDepletionAndAmortization,,,,,,,,,,,3361000.000,3327000.000,,4211000.000,4120000.000,4461000.000,,,4080000.000,4031000.000,,,3837000.000,3877000.000
EarningsPerShareBasic,0.630,0.620,0.500,0.700,0.760,0.700,0.640,0.700,0.770,0.640,0.620,0.730,0.700,0.700,0.720,0.700,0.700,0.610,0.610,-1.140,0.670,0.700,0.620,0.760
EarningsPerShareDiluted,0.610,0.610,0.490,0.690,0.750,0.700,0.640,0.690,0.750,0.630,0.610,0.720,0.710,0.700,0.720,0.700,0.680,0.610,0.610,-1.140,0.670,0.700,0.610,0.750
EffectOfExchangeRateOnCashAndCashEquivalents,,-485000.000,,,,1765000.000,,,,-18000.000,,,,-1450000.000,,,,-3545000.000,,,,-299000.000,,
EffectiveIncomeTaxRateContinuingOperations,,,,,,,,,,,,,,,,,,,,-0.262,,,,
EffectiveIncomeTaxRateReconciliationNondeductibleExpenseImpairmentLosses,,,,,,,,,,,,,,,,,,,,0.612,,,,
ExcessTaxBenefitFromShareBasedCompensationFinancingActivities,,149000.000,,,,1168000.000,,,,1516000.000,,,,556000.000,,,,-59000.000,,,,0.000,,
FinitelivedIntangibleAssetsAcquired1,,,,,,,,,,,,,,59731000.000,,,,4392000.000,,,,,,
ForeignCurrencyTransactionGainLossBeforeTax,,510000.000,-1047000.000,385000.000,-1440000.000,81000.000,343000.000,231000.000,-512000.000,-605000.000,-302000.000,-46000.000,152000.000,-54000.000,-574000.000,474000.000,-1097000.000,-523000.000,-148000.000,-307000.000,-61000.000,150000.000,193000.000,-544000.000
ForeignCurrencyTransactionGainLossUnrealized,,,,,,286000.000,,,,291000.000,,,,572000.000,,,,-434000.000,,,,-248000.000,,
FutureAmortizationExpenseRemainderOfFiscalYear,,8400000.000,,,,9100000.000,,,,,,,,,,,,,,,,,,
FutureAmortizationExpenseYearFive,,7000000.000,,,,7600000.000,,,,,,,,,,,,,,,,,,
FutureAmortizationExpenseYearFour,,7600000.000,,,,8400000.000,,,,,,,,,,,,,,,,,,
FutureAmortizationExpenseYearOne,,10100000.000,,,,10700000.000,,,,,,,,,,,,,,,,,,
FutureAmortizationExpenseYearThree,,8200000.000,,,,9000000.000,,,,,,,,,,,,,,,,,,
FutureAmortizationExpenseYearTwo,,8900000.000,,,,9800000.000,,,,,,,,,,,,,,,,,,
GainLossOnSaleOfPropertyPlantEquipment,,386000.000,,,,117000.000,,,,-35000.000,,,,5000.000,,,,-90000.000,,,,1068000.000,,
GoodwillAcquiredDuringPeriod,,,,,,,,,,0.000,,,,71361000.000,,,,2316000.000,,,,,,
GoodwillImpairmentLoss,,,,,,,,,,,,,,,,,,,,64794000.000,,,,0.000
GoodwillPurchaseAccountingAdjustments,,,,,,,,,,,,,,,,,,,,,,3220000.000,,
GoodwillTranslationAndPurchaseAccountingAdjustments,,,,,,,,,,124000.000,,,,-5699000.000,,,,-8142000.000,,,,-383000.000,,
GrossProfit,156566000.000,158704000.000,155469000.000,167613000.000,172686000.000,164533000.000,162919000.000,174400000.000,181110000.000,169795000.000,163383000.000,171220000.000,182528000.000,194932000.000,195713000.000,187363000.000,191806000.000,181012000.000,173167000.000,174793000.000,178450000.000,178330000.000,172456000.000,190802000.000
IncomeLossFromContinuingOperationsBeforeIncomeTaxesMinorityInterestAndIncomeLossFromEquityMethodInvestments,40794000.000,41288000.000,32547000.000,43852000.000,49139000.000,44752000.000,40981000.000,44397000.000,47535000.000,40569000.000,40259000.000,40572000.000,44862000.000,44259000.000,44472000.000,42538000.000,44602000.000,37835000.000,36149000.000,-35456000.000,40450000.000,41470000.000,35767000.000,43349000.000
IncomeTaxExpenseBenefit,14258000.000,14906000.000,11612000.000,14434000.000,17095000.000,15220000.000,13938000.000,15095000.000,15263000.000,13725000.000,14350000.000,10178000.000,15188000.000,15137000.000,14765000.000,13928000.000,16557000.000,13544000.000,12202000.000,9272000.000,14383000.000,14099000.000,11682000.000,13855000.000
IncreaseDecreaseInOperatingCapital,,17371000.000,,,,13456000.000,,,,18014000.000,,,,58891000.000,,,,23514000.000,,,,-2835000.000,,
InterestIncomeExpenseNet,-52000.000,-47000.000,-10000.000,-54000.000,120000.000,-25000.000,-15000.000,-107000.000,-18000.000,-61000.000,152000.000,11000.000,-351000.000,-1662000.000,-1955000.000,-2121000.000,-2131000.000,-2187000.000,-2158000.000,-2359000.000,-2059000.000,-2146000.000,-2100000.000,-2165000.000
InventoryLIFOReservePeriodCharge,,,0.000,0.000,,,,,,,,,,,,,,,,,,,,
NetCashProvidedByUsedInFinancingActivities,,-26044000.000,,,,-8423000.000,,,,-11837000.000,,,,133302000.000,,,,-2298000.000,,,,-42152000.000,,
NetCashProvidedByUsedInFinancingActivitiesContinuingOperations,,-26044000.000,,,,-8423000.000,,,,-11837000.000,,,,133302000.000,,,,-2298000.000,,,,-42152000.000,,
NetCashProvidedByUsedInInvestingActivities,,-7746000.000,,,,-39058000.000,,,,-1388000.000,,,,-132907000.000,,,,-14249000.000,,,,-1252000.000,,
NetCashProvidedByUsedInInvestingActivitiesContinuingOperations,,-7746000.000,,,,-39058000.000,,,,-1388000.000,,,,-132907000.000,,,,-14249000.000,,,,-1252000.000,,
NetCashProvidedByUsedInOperatingActivities,,16401000.000,,,,23947000.000,,,,16956000.000,,,,-18101000.000,,,,14588000.000,,,,41864000.000,,
NetCashProvidedByUsedInOperatingActivitiesContinuingOperations,,16401000.000,,,,23947000.000,,,,16956000.000,,,,-18101000.000,,,,14588000.000,,,,41864000.000,,
NetIncomeLoss,26536000.000,26382000.000,20935000.000,29418000.000,32044000.000,29532000.000,27043000.000,29302000.000,32272000.000,26844000.000,25909000.000,30394000.000,29674000.000,29122000.000,29707000.000,28610000.000,28045000.000,24291000.000,23947000.000,-44728000.000,26067000.000,27371000.000,24085000.000,29494000.000
NewAccountingPronouncementOrChangeInAccountingPrincipleEffectOfChangeOnNetIncome,,,,,,,,,,1167000.000,,175000.000,,0.000,0.000,,,,,,,,,
OperatingIncomeLoss,38201000.000,43267000.000,33335000.000,42019000.000,49774000.000,44318000.000,40569000.000,43477000.000,48035000.000,39539000.000,39837000.000,40173000.000,44809000.000,46165000.000,46807000.000,43772000.000,47875000.000,41026000.000,38362000.000,-33032000.000,42445000.000,43218000.000,37656000.000,45467000.000
OtherComprehensiveIncomeAvailableForSaleSecuritiesTax,,-82000.000,,,,,,,,,,,,,,,,,,,,,,
OtherComprehensiveIncomeDefinedBenefitPlansNetUnamortizedGainLossArisingDuringPeriodNetOfTax,,,5449000.000,,,,,,,,,,,,,,,,,,,,,
OtherComprehensiveIncomeDefinedBenefitPlansNetUnamortizedGainLossArisingDuringPeriodTax,,,3411000.000,,,,,,,,,,,,,,,,,,,,,
OtherComprehensiveIncomeFinalizationOfPensionAndNonPensionPostretirementPlanValuationNetOfTax,,,-1917000.000,,,,,,,,,,,,,,,,,,,,,
OtherComprehensiveIncomeFinalizationOfPensionAndNonPensionPostretirementPlanValuationTax,,,1200000.000,,,,,,,,,,,,,,,,,,,,,
OtherComprehensiveIncomeForeignCurrencyTransactionAndTranslationAdjustmentBeforeTaxPeriodIncreaseDecrease,,,,,,9001000.000,-594000.000,,,,,,,,,,,,,,,,,
OtherComprehensiveIncomeForeignCurrencyTransactionAndTranslationAdjustmentNetOfTaxPeriodIncreaseDecrease,,-3042000.000,-8117000.000,5912000.000,-9224000.000,9001000.000,-594000.000,,,,,,,,,,,,,,,,,
OtherComprehensiveIncomeForeignCurrencyTranslationAdjustmentTax,,,,,,0.000,0.000,,,,,,,,,,,,,,,,,
OtherComprehensiveIncomeLossBeforeTax,,,,,,,,-5206000.000,,679000.000,-7249000.000,-3731000.000,12826000.000,-19074000.000,-17393000.000,-26043000.000,3749000.000,-27436000.000,-6629000.000,13183000.000,-5091000.000,-2196000.000,-9765000.000,8268000.000
OtherComprehensiveIncomeLossBeforeTaxPeriodIncreaseDecrease,,,,,,9242000.000,-376000.000,,,,,,,,,,,,,,,,,
OtherComprehensiveIncomeLossForeignCurrencyTransactionAndTranslationAdjustmentBeforeTax,,,,,,,,-5466000.000,,550000.000,-7410000.000,-3876000.000,11365000.000,-19105000.000,-17558000.000,-26105000.000,4535000.000,-27516000.000,-6743000.000,13014000.000,-3196000.000,-2349000.000,-9930000.000,8132000.000
OtherComprehensiveIncomeLossForeignCurrencyTransactionAndTranslationAdjustmentNetOfTax,,,,,,,,-5466000.000,,550000.000,-7410000.000,-3876000.000,11365000.000,-19105000.000,-17558000.000,-26105000.000,4535000.000,-27516000.000,-6743000.000,13014000.000,-3196000.000,-2349000.000,-9930000.000,8132000.000
OtherComprehensiveIncomeLossForeignCurrencyTranslationAdjustmentTax,,,,,,,,0.000,,0.000,0.000,0.000,0.000,,,0.000,,0.000,,0.000,,0.000,0.000,0.000
OtherComprehensiveIncomeLossNetOfTax,,,,,,,,-5305000.000,,631000.000,-7310000.000,-3784000.000,12269000.000,-19088000.000,-17453000.000,-26067000.000,4052000.000,-27470000.000,-6673000.000,13118000.000,-4350000.000,-2257000.000,-9819000.000,8210000.000
OtherComprehensiveIncomeLossNetOfTaxPeriodIncreaseDecrease,,,,,,9148000.000,-461000.000,,,,,,,,,,,,,,,,,
OtherComprehensiveIncomeLossReclassificationAdjustmentFromAOCIPensionAndOtherPostretirementBenefitPlansBeforeTax,,,,,,,,,,,,,,,,,,,,,,127000.000,125000.000,125000.000
OtherComprehensiveIncomeLossReclassificationAdjustmentFromAOCIPensionAndOtherPostretirementBenefitPlansNetOfTax,,,,,,,,,,,,,,,,,,,,,,77000.000,77000.000,77000.000
OtherComprehensiveIncomeLossReclassificationAdjustmentFromAOCIPensionAndOtherPostretirementBenefitPlansTax,,,,,,,,,,,,,,,,,,,,,,-50000.000,48000.000,48000.000
OtherComprehensiveIncomeLossTax,,,,,,94000.000,85000.000,99000.000,1251000.000,48000.000,61000.000,53000.000,557000.000,14000.000,60000.000,24000.000,-303000.000,34000.000,44000.000,65000.000,-741000.000,61000.000,54000.000,58000.000
OtherComprehensiveIncomeUnrealizedHoldingGainLossOnSecuritiesArisingDuringPeriodBeforeTax,,,,,,23000.000,,42000.000,,34000.000,65000.000,49000.000,-36000.000,-41000.000,94000.000,-9000.000,-82000.000,-50000.000,-13000.000,39000.000,-28000.000,26000.000,40000.000,11000.000
OtherComprehensiveIncomeUnrealizedHoldingGainLossOnSecuritiesArisingDuringPeriodNetOfTax,,-140000.000,29000.000,44000.000,-73000.000,14000.000,,28000.000,,23000.000,42000.000,33000.000,-25000.000,-27000.000,62000.000,-6000.000,-54000.000,-33000.000,-8000.000,25000.000,-18000.000,15000.000,34000.000,1000.000
OtherComprehensiveIncomeUnrealizedHoldingGainLossOnSecuritiesArisingDuringPeriodTax,,,18000.000,25000.000,,9000.000,,14000.000,,11000.000,23000.000,16000.000,-89000.000,-14000.000,32000.000,-3000.000,-2000.000,-17000.000,-5000.000,14000.000,26000.000,11000.000,6000.000,10000.000
OtherNoncashIncomeExpense,,-256000.000,,,,-353000.000,,,,-312000.000,,,,-374000.000,,,,-2016000.000,,,,-1227000.000,,
OtherNonoperatingIncomeExpense,2645000.000,-1932000.000,-778000.000,1887000.000,-755000.000,459000.000,427000.000,1027000.000,-482000.000,1091000.000,270000.000,388000.000,404000.000,-244000.000,-380000.000,887000.000,-1142000.000,-1004000.000,-55000.000,-65000.000,64000.000,398000.000,211000.000,47000.000
OtherPaymentsToAcquireBusinesses,,,,,,760000.000,,,,606000.000,,,,0.000,,,,7857000.000,,,,4444000.000,,
PaymentsForRepurchaseOfCommonStock,,18178000.000,,,,0.000,,,,3001000.000,,,,10400000.000,,,,17956000.000,,,,3048000.000,,
PaymentsOfDividendsCommonStock,,8099000.000,,,,8867000.000,,,,9746000.000,,,,10402000.000,,,,10745000.000,,,,10943000.000,,
PaymentsRelatedToTaxWithholdingForShareBasedCompensation,,,,,,,,,,,,,,,,,,,,,,987000.000,,
PaymentsToAcquireBusinessesNetOfCashAcquired,,1241000.000,,,,35409000.000,,,,0.000,,,,129810000.000,,,,11250000.000,,,,0.000,,
PaymentsToAcquireProductiveAssets,,7142000.000,6880000.000,4273000.000,7726000.000,3892000.000,2951000.000,2993000.000,2378000.000,1571000.000,2555000.000,2366000.000,13698000.000,3100000.000,4706000.000,3203000.000,3924000.000,3112000.000,2625000.000,3704000.000,3689000.000,2999000.000,3711000.000,5077000.000
ProceedsFromRepaymentsOfLinesOfCredit,,,,,,,,,,,,,,34000000.000,,,,35000000.000,,,,-22000000.000,,
ProceedsFromRepaymentsOfOtherLongTermDebt,,,,,,,,,,,,,,120238000.000,,,,0.000,,,,,,
ProceedsFromSaleOfPropertyPlantAndEquipment,,637000.000,,,,243000.000,,,,183000.000,,,,3000.000,,,,113000.000,,,,1747000.000,,
ProceedsFromStockOptionsExercised,,84000.000,,,,36000.000,,,,0.000,,,,,,,,,,,,108000.000,,
ReclassificationFromAccumulatedOtherComprehensiveIncomeCurrentPeriodNetOfTax,,,,,,,,,,,,,,,,,,,,,,77000.000,77000.000,77000.000
RepaymentsOfOtherLongTermDebt,,,,,,,,,,,,,,690000.000,,,,681000.000,,,,838000.000,,
Revenues,565970000.000,579574000.000,570397000.000,605461000.000,620013000.000,610519000.000,589517000.000,621654000.000,640481000.000,5533000.000,5681000.000,5369000.000,5226000.000,5573000.000,6063000.000,6124000.000,6327000.000,5955000.000,5666000.000,5574000.000,4290000.000,5264000.000,5264000.000,679304000.000
RevenuesFromTransactionsWithOtherOperatingSegmentsOfSameEntity,,4247000.000,3708000.000,5021000.000,5121000.000,3735000.000,4803000.000,5889000.000,,,,,,,,,,,,,,,,
SalesRevenueNet,565970000.000,579574000.000,570397000.000,605461000.000,620013000.000,610519000.000,589517000.000,621654000.000,640481000.000,605305000.000,581949000.000,618006000.000,654618000.000,702325000.000,691702000.000,679994000.000,677540000.000,641904000.000,610346000.000,633172000.000,634006000.000,624848000.000,608123000.000,679304000.000
SellingGeneralAndAdministrativeExpense,118365000.000,115437000.000,122134000.000,125594000.000,122912000.000,120215000.000,122350000.000,130923000.000,133075000.000,130256000.000,123546000.000,131047000.000,137719000.000,148767000.000,148906000.000,143591000.000,143931000.000,139986000.000,134805000.000,143031000.000,136005000.000,135112000.000,134800000.000,145335000.000
ShareBasedCompensation,,,,,,,,,,,,,,,,,,,,,,555000.000,,
StockOptionPlanExpense,,633000.000,,,,809000.000,,,,636000.000,,,,577000.000,,,,630000.000,,,,809000.000,,
TradingSecuritiesUnrealizedHoldingGainLoss,,1380000.000,374000.000,1249000.000,,,,,,,,,,,,,,,,,,,,
WeightedAverageNumberDilutedSharesOutstandingAdjustment,893000.000,564000.000,669000.000,670000.000,-1219000.000,511000.000,442000.000,472000.000,-943000.000,480000.000,386000.000,362000.000,-839000.000,362000.000,305000.000,267000.000,-639000.000,229000.000,223000.000,0.000,-240000.000,338000.000,386000.000,463000.000
WeightedAverageNumberOfDilutedSharesOutstanding,43339000.000,42961000.000,42634000.000,42779000.000,-85551000.000,42477000.000,42494000.000,42570000.000,-84999000.000,42637000.000,42462000.000,42242000.000,-85010000.000,41829000.000,41533000.000,41067000.000,-83242000.000,39842000.000,39485000.000,39107000.000,-78968000.000,39382000.000,39371000.000,39462000.000
WeightedAverageNumberOfSharesOutstandingBasic,42446000.000,42397000.000,41965000.000,42109000.000,-84332000.000,41966000.000,42052000.000,42098000.000,-84056000.000,42157000.000,42076000.000,41880000.000,-84171000.000,41467000.000,41228000.000,40800000.000,-82603000.000,39613000.000,39262000.000,39107000.000,-78728000.000,39044000.000,38985000.000,38999000.000
