,2011-06-30,2011-09-30,2012-03-31,2012-06-30,2012-09-30,2012-12-31,2013-03-31,2013-06-30,2013-09-30,2013-12-31,2014-03-31,2014-06-30,2014-09-30,2014-12-31,2015-03-31,2015-06-30,2015-09-30,2015-12-31,2016-03-31,2016-06-30,2016-09-30,2016-12-31,2017-03-31
AdditionsToNoncurrentAssets,,,,1450000.000,1135000.000,,1375000.000,1354000.000,3238000.000,983000.000,,,,,,,,,,,,,
AdjustmentsToAdditionalPaidInCapitalSharebasedCompensationRequisiteServicePeriodRecognitionValue,,,,,,,,,,,223000.000,,,,255000.000,,,,259000.000,,,,222000.000
AllocatedShareBasedCompensationExpenseNetOfTax,,,,,,,427000.000,,,,223000.000,,,,255000.000,,,,259000.000,,,,222000.000
AllowanceForDoubtfulAccountsReceivableChargeOffs,,,,,,,254000.000,,,,,,,,,,,,,,,,
AllowanceForDoubtfulAccountsReceivablePeriodIncreaseDecrease,,,,,,,,,,,,,,,,,,,,,,,8000.000
AllowanceForDoubtfulAccountsReceivableWriteOffs,,,,,,,,,,,12000.000,,,,,,,,,,,,
AmortizationOfIntangibleAssets,215000.000,214000.000,215000.000,215000.000,664000.000,665000.000,665000.000,665000.000,111000.000,111000.000,111000.000,111000.000,111000.000,111000.000,111000.000,111000.000,111000.000,111000.000,111000.000,111000.000,111000.000,111000.000,351000.000
AntidilutiveSecuritiesExcludedFromComputationOfEarningsPerShareAmount,,,,,,,953899.000,,,,824426.000,,,,,,,,,,,,
AssetImpairmentCharges,,,,,,,288000.000,,,,,,,,38000.000,,,,,,,,
BusinessExitCosts,,,,1156000.000,952000.000,,1967000.000,-1111000.000,1691000.000,3003000.000,,,,,,,,,,,,,
BusinessExitCosts1,,,,,,,,,,,770000.000,664000.000,285000.000,434000.000,,,,,,,,,
CashAndCashEquivalentsPeriodIncreaseDecrease,,,-2483000.000,,,,21000.000,,,,-15335000.000,,,,-11999000.000,,,,,,,,
CashProvidedByUsedInFinancingActivitiesDiscontinuedOperations,,,,,,,,,,,,,,,,,,,-12000.000,,,,-109000.000
CashProvidedByUsedInInvestingActivitiesDiscontinuedOperations,,,0.000,,,,,,,,,,,,,,,,151000.000,,,,
CashProvidedByUsedInOperatingActivitiesDiscontinuedOperations,,,,,,,,,,,,,,,,,,,826000.000,,,,74000.000
CostOfGoodsAndServicesSold,36400000.000,47098000.000,51822000.000,54236000.000,52097000.000,44102000.000,43043000.000,47573000.000,56783000.000,50980000.000,53438000.000,59231000.000,56267000.000,53561000.000,50312000.000,57991000.000,46960000.000,36026000.000,42795000.000,39238000.000,37221000.000,43447000.000,49686000.000
DeferredIncomeTaxesAndTaxCredits,,,,,,,,,,,,,,,,,,,,,,,-5050000.000
DepreciationDepletionAndAmortization,,,3950000.000,3910000.000,4367000.000,4310000.000,3986000.000,4047000.000,3379000.000,3444000.000,3114000.000,3150000.000,3312000.000,2607000.000,2578000.000,2518000.000,2400000.000,1683000.000,1657000.000,1786000.000,1695000.000,1776000.000,2101000.000
EarningsPerShareBasic,,,,-0.030,-0.280,,-0.350,-0.010,-0.170,-0.200,-0.070,0.130,-0.120,-0.360,-0.340,0.110,-0.520,-0.730,-0.030,-0.030,0.060,0.020,0.420
EarningsPerShareBasicAndDiluted,-0.040,-0.060,-0.030,-0.030,-0.280,-0.930,-0.350,-0.010,-0.170,-0.200,-0.070,,-0.120,,-0.340,,-0.520,,-0.030,,,,
EarningsPerShareDiluted,,,,-0.030,-0.280,,-0.350,-0.010,-0.170,-0.200,-0.070,0.120,-0.120,-0.350,-0.340,0.110,-0.520,-0.730,-0.030,-0.030,0.060,0.020,0.420
GainLossOnDispositionOfAssets,,,-23000.000,,,,-15000.000,,,,-5000.000,,,,,,,,138000.000,,,,2000.000
GrossProfit,2932000.000,712000.000,2232000.000,1659000.000,2715000.000,230000.000,2166000.000,2584000.000,4556000.000,3039000.000,5093000.000,8631000.000,3858000.000,-92000.000,739000.000,7234000.000,2831000.000,-2937000.000,3962000.000,4142000.000,5331000.000,4704000.000,6374000.000
ImpairmentOfIntangibleAssetsFinitelived,,,,,,,0.000,,,,0.000,,,,0.000,,,,0.000,,,,0.000
ImpairmentOfIntangibleAssetsIndefinitelivedExcludingGoodwill,,,,,,,,,,,0.000,,,,,,,,,,,,
ImpairmentOfLongLivedAssetsHeldForUse,,,,,,,0.000,,,,0.000,,,,,,,,,,,,
ImpairmentOfLongLivedAssetsToBeDisposedOf,,,,,,,,,,,,,,,,,4450000.000,,,,,,
IncomeLossFromContinuingOperations,,-6586000.000,-3860000.000,-4231000.000,-3938000.000,-5878000.000,-4849000.000,-153000.000,-2591000.000,-2796000.000,-1043000.000,1860000.000,-1814000.000,-5171000.000,,,-2383000.000,,-358000.000,42000.000,1245000.000,406000.000,6482000.000
IncomeLossFromContinuingOperationsBeforeIncomeTaxesMinorityInterestAndIncomeLossFromEquityMethodInvestments,-4385000.000,-6595000.000,-3840000.000,-4221000.000,-3947000.000,-5873000.000,-4827000.000,-139000.000,-2563000.000,-2788000.000,-1019000.000,1901000.000,-1840000.000,-5442000.000,-4938000.000,1553000.000,-2409000.000,-6488000.000,-366000.000,34000.000,1245000.000,,1464000.000
IncomeLossFromContinuingOperationsIncludingPortionAttributableToNoncontrollingInterest,-4401000.000,,,,,,,,,,,,,,,,,,,,,,
IncomeLossFromContinuingOperationsPerBasicAndDilutedShare,-0.040,-0.060,-0.030,-0.030,-0.280,-0.930,-0.340,-0.010,-0.180,-0.190,-0.070,,-0.120,,,,-0.160,,-0.020,,,,
IncomeLossFromContinuingOperationsPerBasicShare,,,,,,,,,,,,0.130,,,,,,,,0.000,0.080,,0.430
IncomeLossFromContinuingOperationsPerDilutedShare,,,,,,,,,,,,0.120,,,,,,,,0.000,0.080,,0.430
IncomeLossFromDiscontinuedOperationsNetOfTax,-57000.000,,,,,,,,,,,,,,,,,,,,,,
IncomeLossFromDiscontinuedOperationsNetOfTaxAttributableToReportingEntity,,,,,,,-210000.000,,100000.000,,,,,,,,-5230000.000,,-19000.000,-516000.000,-373000.000,-108000.000,-155000.000
IncomeLossFromDiscontinuedOperationsNetOfTaxPerBasicAndDilutedShare,0.000,,,,,,-0.010,,0.010,,,,,,,,-0.360,,0.000,,,,
IncomeLossFromDiscontinuedOperationsNetOfTaxPerBasicShare,,,,,,,,,,,,,,,,,,,,-0.030,-0.030,,-0.010
IncomeLossFromDiscontinuedOperationsNetOfTaxPerDilutedShare,,,,,,,,,,,,,,,,,,,,-0.030,-0.020,,-0.010
IncomeTaxExpenseBenefit,16000.000,-9000.000,20000.000,10000.000,-9000.000,5000.000,22000.000,14000.000,28000.000,8000.000,24000.000,41000.000,-26000.000,-271000.000,77000.000,-62000.000,-26000.000,-25000.000,-8000.000,-8000.000,,,-5018000.000
IncomeTaxesPaidNet,,,6000.000,,,,13000.000,,,,2000.000,,,,1000.000,,,,12000.000,,,,3000.000
IncreaseDecreaseInAccountsPayable,,,7588000.000,,,,8051000.000,,,,-2672000.000,,,,3644000.000,,,,1848000.000,,,,2883000.000
IncreaseDecreaseInAccountsReceivable,,,-1988000.000,,,,6314000.000,,,,4947000.000,,,,1829000.000,,,,2753000.000,,,,9037000.000
IncreaseDecreaseInAccruedLiabilities,,,-1118000.000,,,,-92000.000,,,,-788000.000,,,,-1678000.000,,,,-129000.000,,,,-2356000.000
IncreaseDecreaseInCustomerDeposits,,,-2729000.000,,,,4149000.000,,,,-4266000.000,,,,-6727000.000,,,,-2163000.000,,,,-4440000.000
IncreaseDecreaseInInventories,,,9007000.000,,,,8064000.000,,,,1980000.000,,,,10934000.000,,5349000.000,,-5348000.000,,,,-382000.000
IncreaseDecreaseInOtherOperatingCapitalNet,,,-35000.000,,,,-82000.000,,,,425000.000,,,,472000.000,,,,535000.000,,,,-239000.000
IncreaseDecreaseInPrepaidDeferredExpenseAndOtherAssets,,,-932000.000,,,,503000.000,,,,-457000.000,,,,-102000.000,,,,55000.000,,,,-423000.000
IncreaseDecreaseInRestrictedCash,,,-472000.000,,,,,,,,,,,,,,,,-44000.000,,,,
IncrementalCommonSharesAttributableToShareBasedPaymentArrangements,,,,,,,,,,,,448076.000,,,,118020.000,,,,,244663.000,,265584.000
IndefiniteLivedIntangibleAssetsImpairmentLosses,,,,,,,0.000,,,,,,,,,,,,,,,,
InterestIncomeExpenseNonoperatingNet,-296000.000,-276000.000,-262000.000,-238000.000,-553000.000,-658000.000,-391000.000,-227000.000,-177000.000,-190000.000,-160000.000,-184000.000,-177000.000,-207000.000,-172000.000,-264000.000,-210000.000,-153000.000,-154000.000,-152000.000,-125000.000,-194000.000,-139000.000
InterestPaidNet,,,268000.000,,,,334000.000,,,,143000.000,,,,102000.000,,,,143000.000,,,,77000.000
LitigationSettlementExpense,,,,,,,,,1500000.000,,,750000.000,816000.000,,,,,,,,,,
NetCashProvidedByUsedInDiscontinuedOperations,,,,,,,,,,,,,,,,,,,965000.000,,,,-35000.000
NetCashProvidedByUsedInFinancingActivities,,,-972000.000,,,,4232000.000,,,,-410000.000,,,,855000.000,,,,-326000.000,,,,6380000.000
NetCashProvidedByUsedInFinancingActivitiesContinuingOperations,,,-972000.000,,,,4232000.000,,,,-410000.000,,,,855000.000,,,,-326000.000,,,,6380000.000
NetCashProvidedByUsedInInvestingActivities,,,-112000.000,,,,-1371000.000,,,,-2808000.000,,,,7184000.000,,,,-423000.000,,,,-16747000.000
NetCashProvidedByUsedInInvestingActivitiesContinuingOperations,,,-112000.000,,,,-1371000.000,,,,-2808000.000,,,,7184000.000,,,,-423000.000,,,,-16747000.000
NetCashProvidedByUsedInOperatingActivities,,,-1399000.000,,,,-2840000.000,,,,-12117000.000,,,,-20038000.000,,,,3061000.000,,,,-8145000.000
NetCashProvidedByUsedInOperatingActivitiesContinuingOperations,,,-1399000.000,,,,-2840000.000,,,,-12117000.000,,,,-20038000.000,,,,3061000.000,,,,-8145000.000
NetIncomeLossAvailableToCommonStockholdersBasic,,-6586000.000,-3860000.000,-4231000.000,-3938000.000,-5878000.000,-5059000.000,-153000.000,-2491000.000,-2796000.000,-1043000.000,1860000.000,-1814000.000,-5171000.000,-5015000.000,1615000.000,-7613000.000,-10794000.000,-377000.000,-474000.000,872000.000,298000.000,6327000.000
NetIncomeLossAvailableToCommonStockholdersDiluted,,,,,,,,,,,,,,,-5015000.000,1615000.000,-7613000.000,-10794000.000,-377000.000,-474000.000,872000.000,298000.000,6327000.000
NoncashOrPartNoncashAcquisitionValueOfAssetsAcquired1,,,,,,,,,,,,,,,,,,,,,,,27157000.000
NoncashOrPartNoncashAcquisitionValueOfLiabilitiesAssumed1,,,,,,,,,,,,,,,,,,,,,,,7554000.000
NonoperatingIncomeExpense,-74000.000,-351000.000,101000.000,-62000.000,-420000.000,-203000.000,-331000.000,3194000.000,-182000.000,212000.000,-24000.000,-200000.000,-29000.000,-213000.000,40000.000,-308000.000,-274000.000,168000.000,-142000.000,-147000.000,-115000.000,-172000.000,-139000.000
OperatingExpenses,7243000.000,6956000.000,6173000.000,5818000.000,6242000.000,5900000.000,6662000.000,5917000.000,6937000.000,6039000.000,6088000.000,6530000.000,5669000.000,5137000.000,5717000.000,5373000.000,4966000.000,3719000.000,4186000.000,3961000.000,3971000.000,4112000.000,4771000.000
OperatingIncomeLoss,-4311000.000,-6244000.000,-3941000.000,-4159000.000,-3527000.000,-5670000.000,-4496000.000,-3333000.000,-2381000.000,-3000000.000,-995000.000,2101000.000,-1811000.000,-5229000.000,-4978000.000,1861000.000,-2135000.000,-6656000.000,-224000.000,181000.000,1360000.000,592000.000,1603000.000
OtherCostOfOperatingRevenue,,89000.000,389000.000,416000.000,233000.000,576000.000,455000.000,1206000.000,1097000.000,2228000.000,269000.000,519000.000,164000.000,329000.000,,,,,,,,,
OtherNonoperatingIncomeExpense,222000.000,127000.000,363000.000,247000.000,148000.000,513000.000,335000.000,180000.000,-4000.000,489000.000,136000.000,-16000.000,29000.000,77000.000,212000.000,-44000.000,-64000.000,321000.000,12000.000,5000.000,10000.000,22000.000,
OtherTaxExpenseBenefit,,,,,,,,,,,,,,,,,,,,,,,-5060000.000
PaymentsToAcquireAvailableForSaleSecurities,,,,,,,,,,,2543000.000,,,,1884000.000,,,,1978000.000,,,,
PaymentsToAcquireBusinessesGross,,,,,,,,,,,,,,,,,,,,,,,16659000.000
PaymentsToAcquireProductiveAssets,,,,,,,,,,,2200000.000,2342000.000,1017000.000,945000.000,839000.000,764000.000,955000.000,231000.000,950000.000,1016000.000,2040000.000,2618000.000,3261000.000
PaymentsToAcquirePropertyPlantAndEquipment,,,715000.000,470000.000,470000.000,4083000.000,1375000.000,,,,2200000.000,,,,840000.000,,,,950000.000,,,,3261000.000
ProceedsFromDivestitureOfBusinesses,,,125000.000,,,,,,,,,,,,,,,,,,,,
ProceedsFromIssuanceOfSharesUnderIncentiveAndShareBasedCompensationPlans,,,409000.000,,,,317000.000,,,,138000.000,,,,,,,,,,,,
ProceedsFromMaturitiesPrepaymentsAndCallsOfAvailableForSaleSecurities,,,,,,,,,,,,,,,4825000.000,,,,2425000.000,,,,950000.000
ProceedsFromSaleOfAvailableForSaleSecurities,,,,,,,,,,,1890000.000,,,,5083000.000,,,,36000.000,,,,2221000.000
ProceedsFromSaleOfPropertyPlantAndEquipment,,,6000.000,,,,4000.000,,,,45000.000,,,,,,,,,,,,2000.000
ProceedsFromShortTermDebt,,,,,,,49408000.000,,,,,,,,18400000.000,,,,18400000.000,,,,6494000.000
ProductWarrantyAccrualPayments,,,,,,,8000.000,,,,17000.000,,,,465000.000,,,,8000.000,,,,26000.000
ProductWarrantyAccrualWarrantiesIssued,,,,,,,,,,,,,,,3000.000,,,,-11000.000,,,,44000.000
ProfitLoss,-4458000.000,,,,,,,,,,,,,,,,,,,,,,
ProvisionForDoubtfulAccounts,,,134000.000,,,,99000.000,,,,54000.000,,,,1000.000,,,,80000.000,,,,8000.000
RepaymentsOfLongTermCapitalLeaseObligations,,,264000.000,,,,570000.000,,,,246000.000,,,,241000.000,,,,147000.000,,,,114000.000
RepaymentsOfLongTermDebt,,,,,,,,,,,,,,,,,,,179000.000,,,,
RepaymentsOfShortTermDebt,,,708000.000,,,,44606000.000,,,,164000.000,,,,17304000.000,,,,18400000.000,,,,
RestructuringAndRelatedCostExpectedCost,,,,,,,12840000.000,,,,13270000.000,,,,,,,,,,,,
RestructuringCharges,,300000.000,75000.000,25000.000,381000.000,259000.000,601000.000,107000.000,79000.000,302000.000,60000.000,49000.000,113000.000,11000.000,,,,,,,,,
RestructuringCosts,,202000.000,,,,,,,,,,,,,,,,,,,,,
Revenues,39332000.000,47899000.000,54443000.000,56311000.000,55045000.000,44908000.000,45664000.000,51363000.000,62436000.000,56247000.000,58800000.000,68381000.000,60289000.000,53798000.000,51051000.000,65225000.000,49791000.000,33089000.000,46757000.000,43380000.000,42552000.000,48151000.000,56060000.000
SalesRevenueNet,39332000.000,47899000.000,54443000.000,56311000.000,55045000.000,44908000.000,45664000.000,51363000.000,62436000.000,56247000.000,58800000.000,68381000.000,60289000.000,53798000.000,51051000.000,65225000.000,49791000.000,33089000.000,46757000.000,43380000.000,42552000.000,48151000.000,56060000.000
SellingGeneralAndAdministrativeExpense,7028000.000,6442000.000,5883000.000,5578000.000,5197000.000,4976000.000,5396000.000,5145000.000,5247000.000,5626000.000,5917000.000,5620000.000,4629000.000,5015000.000,5606000.000,5262000.000,3981000.000,3422000.000,4075000.000,3850000.000,3860000.000,4001000.000,4420000.000
ShareBasedCompensation,,,665000.000,,,,427000.000,,,,223000.000,,,,255000.000,,,,259000.000,,,,222000.000
StockIssued1,,,,,,,,,,,,,,,225000.000,,,,259000.000,,,,222000.000
StockIssuedDuringPeriodValueEmployeeBenefitPlan,,,,,,,-138000.000,,,,-163000.000,,,,,,,,,,,,
WeightedAverageNumberOfDilutedSharesOutstanding,107153000.000,110369000.000,139796000.000,139912146.000,14093122.000,-293787210.000,14267149.000,14421995.000,14524522.000,-28756666.000,14659448.000,15180499.000,14791811.000,-29916758.000,14597319.000,14780954.000,14707994.000,-29409267.000,14758482.000,14835205.000,15120971.000,-29633658.000,15194942.000
WeightedAverageNumberOfShareOutstandingBasicAndDiluted,,,,,14093000.000,,14267000.000,14422000.000,14525000.000,-28757000.000,14659000.000,,14792000.000,,14597000.000,,14708000.000,,14758000.000,,,,
WeightedAverageNumberOfSharesOutstandingBasic,107153000.000,110369000.000,139796000.000,139912146.000,14093122.000,-293787210.000,14267149.000,14421995.000,14524522.000,-28756666.000,14659448.000,14732423.000,14791811.000,-29468682.000,14597319.000,14662934.000,14707994.000,-29291247.000,14758482.000,14835205.000,14876308.000,-29626995.000,14929358.000
