,2011-06-30,2011-09-30,2012-03-31,2012-06-30,2012-09-30,2012-12-31,2013-03-31,2013-06-30,2013-09-30,2013-12-31,2014-03-31,2014-06-30,2014-09-30,2014-12-31,2015-03-31,2015-06-30,2015-09-30,2015-12-31,2016-03-31,2016-06-30,2016-09-30,2016-12-31,2017-03-31
AllocatedShareBasedCompensationExpense,,,,980000.000,852000.000,,863000.000,814000.000,764000.000,,,,,,,,,,,,,,
AntidilutiveSecuritiesExcludedFromComputationOfEarningsPerShareAmount,,,,4460713.000,5669132.000,,5741056.000,5647604.000,6199523.000,-11382668.000,7480926.000,7364345.000,57014306.000,-64595218.000,6617891.000,2766191.000,6059833.000,-11410351.000,6034700.000,5596537.000,5447635.000,-11539580.000,10311316.000
CapitalExpendituresIncurredButNotYetPaid,,,,,,,,,,,,,,,,,,,476000.000,,,,0.000
CashProvidedByUsedInOperatingActivitiesDiscontinuedOperations,,,,,,,,,,,,,,,0.000,,,,,,,,
ComprehensiveIncomeNetOfTax,,,28829000.000,-7960000.000,-7730000.000,-9518000.000,-6785000.000,-7882000.000,-7250000.000,-8639000.000,-8181000.000,-7242000.000,-8002000.000,-6102000.000,-5847000.000,-6074000.000,-5851000.000,-5917000.000,-6502000.000,-3200000.000,4021000.000,-1935000.000,-2093000.000
CostOfGoodsSold,,,55000.000,437000.000,316000.000,618000.000,557000.000,1196000.000,459000.000,814000.000,695000.000,774000.000,786000.000,-773000.000,84000.000,90000.000,347000.000,139000.000,117000.000,121000.000,,,
CostsAndExpenses,10196000.000,10048000.000,10499000.000,8880000.000,8417000.000,10917000.000,8728000.000,9563000.000,8097000.000,9508000.000,9229000.000,8409000.000,7346000.000,4645000.000,6475000.000,6873000.000,6591000.000,6398000.000,7176000.000,6023000.000,3077000.000,-4869000.000,2385000.000
DepreciationDepletionAndAmortization,,,379000.000,,,,295000.000,,,,191000.000,,,,55000.000,,,,122000.000,,,,53000.000
DilutiveSecurities,,,,,,,0.000,,,,,,,,,,,,,,,,
DiscontinuedOperationIncomeLossFromDiscontinuedOperationDuringPhaseOutPeriodNetOfTax,,,,,,,,,,,,,-294000.000,,0.000,0.000,0.000,0.000,,,6853000.000,,0.000
DiscontinuedOperationIncomeLossFromDiscontinuedOperationNetOfTaxPerBasicAndDilutedShare,,,,,,,,,,,,,-0.020,,0.000,0.000,0.000,,,,0.200,,0.000
DiscontinuedOperationTaxEffectOfDiscontinuedOperation,,,,,,,,,,,,,,,,,,,,,1259000.000,,
EarningsPerShareBasic,-0.330,,0.840,-0.230,-0.230,-0.270,-0.200,-0.230,-0.210,-0.240,-0.230,-0.210,,,,,,,,,,,
EarningsPerShareBasicAndDiluted,,-0.280,,,,,,,,,,,-0.140,,-0.040,-0.260,-0.220,,-0.240,-0.120,0.140,,-0.070
EarningsPerShareDiluted,-0.330,,0.840,-0.230,-0.230,-0.270,-0.200,-0.230,-0.210,-0.240,-0.230,-0.210,,,,,,,,,,,
EffectOfExchangeRateOnCashAndCashEquivalentsContinuingOperations,,,2000.000,,,,-8000.000,,,,-25000.000,,,,-1000.000,,,,-4000.000,,,,-1000.000
ImpairmentOfLongLivedAssetsToBeDisposedOf,,,,,,,,,,,,,891000.000,,,,0.000,,,,,,
IncomeLossFromContinuingOperations,,,,,,,,,,,,,-6708000.000,,-5843000.000,-6073000.000,-5848000.000,-5917000.000,,,-1570000.000,,-2092000.000
IncomeLossFromContinuingOperationsBeforeIncomeTaxesExtraordinaryItemsNoncontrollingInterest,,,,,,,,,,,,,,,,,,,,,-2612000.000,,
IncomeLossFromContinuingOperationsPerBasicAndDilutedShare,,,,,,,,,,,,,-0.120,,-0.040,-0.260,-0.220,,,,-0.060,,-0.070
IncomeLossFromDiscontinuedOperationsNetOfTaxAttributableToReportingEntity,,,,,,,,,,,,,-1185000.000,,0.000,0.000,0.000,0.000,,,5594000.000,,0.000
IncomeTaxExpenseBenefit,,,,,,,,,,,,,,,,,,,,,-1042000.000,,
IncreaseDecreaseInAccountsPayable,,,-323000.000,,,,-1141000.000,,,,-74000.000,,,,-45000.000,,,,71000.000,,,,-5000.000
IncreaseDecreaseInAccountsReceivable,,,,,,,,,,,-551000.000,,,,129000.000,,,,34000.000,,,,144000.000
IncreaseDecreaseInAccruedLiabilities,,,-885000.000,,,,-937000.000,,,,-2371000.000,,,,-1128000.000,,,,-1051000.000,,,,-168000.000
IncreaseDecreaseInDeferredRevenue,,,-38656000.000,,,,-95000.000,,,,101000.000,,,,102000.000,,,,-10000.000,,,,0.000
IncreaseDecreaseInDueFromRelatedPartiesCurrent,,,-175000.000,,,,-75000.000,,,,-51000.000,,,,-18000.000,,,,58000.000,,,,-1000.000
IncreaseDecreaseInInventories,,,2977000.000,,,,420000.000,,,,-318000.000,,,,-15000.000,,,,41000.000,,,,0.000
IncreaseDecreaseInPrepaidDeferredExpenseAndOtherAssets,,,-114000.000,,,,18000.000,,,,434000.000,,,,18000.000,,,,-280000.000,,,,97000.000
IncreaseDecreaseInReceivables,,,153000.000,,,,-62000.000,,,,,,,,,,,,,,,,
IncreaseDecreaseInRestrictedCash,,,,,,,,,,,,,,,,,,,307000.000,,,,0.000
IncreaseDecreaseInUnbilledReceivables,,,,,,,561000.000,,,,60000.000,,,,138000.000,,,,-97000.000,,,,-7000.000
InterestIncomeExpenseNonoperatingNet,23000.000,19000.000,17000.000,9000.000,-2000.000,3000.000,10000.000,12000.000,10000.000,19000.000,5000.000,2000.000,4000.000,-4000.000,1000.000,1000.000,1000.000,2000.000,3000.000,1000.000,2000.000,,
InventoryWriteDown,,,,,,,,,,,0.000,228000.000,657000.000,-12000.000,,0.000,202000.000,,0.000,,,,
LossOnContractTermination,,,,,,,,,,,,,,,,,,,,,2641000.000,,
NetCashProvidedByUsedInContinuingOperations,,,-11673000.000,,,,5940000.000,,,,-4092000.000,,,,-6789000.000,,,,-6998000.000,,,,-2434000.000
NetCashProvidedByUsedInFinancingActivities,,,11000.000,,,,5000.000,,,,300000.000,,,,0.000,,,,,,,,
NetCashProvidedByUsedInFinancingActivitiesContinuingOperations,,,11000.000,,,,5000.000,,,,300000.000,,,,0.000,,,,,,,,
NetCashProvidedByUsedInInvestingActivities,,,573000.000,,,,14441000.000,,,,4598000.000,,,,-127000.000,,,,-468000.000,,,,0.000
NetCashProvidedByUsedInInvestingActivitiesContinuingOperations,,,573000.000,,,,14441000.000,,,,4598000.000,,,,-127000.000,,,,-468000.000,,,,0.000
NetCashProvidedByUsedInOperatingActivities,,,-12259000.000,,,,-8498000.000,,,,-8965000.000,,,,-6661000.000,,,,-6526000.000,,,,-2433000.000
NetCashProvidedByUsedInOperatingActivitiesContinuingOperations,,,-12259000.000,,,,-8498000.000,,,,-8965000.000,,,,-6661000.000,,,,-6526000.000,,,,-2433000.000
NetIncomeLossAvailableToCommonStockholdersBasic,,-9560000.000,28840000.000,-7948000.000,-7745000.000,-9517000.000,-6763000.000,-7866000.000,-7251000.000,-8626000.000,-8154000.000,-7237000.000,-7893000.000,-6250000.000,-5843000.000,-6073000.000,-5848000.000,,-6498000.000,-3198000.000,4024000.000,,-2092000.000
NonoperatingIncomeExpense,,,,,,,12000.000,-9000.000,-9000.000,2000.000,6000.000,2000.000,6000.000,47000.000,-13000.000,56000.000,34000.000,-15000.000,3000.000,32000.000,-8000.000,,-31000.000
OperatingIncomeLoss,-10005000.000,-9579000.000,28823000.000,-7957000.000,-7743000.000,-9520000.000,-6785000.000,-7857000.000,-7242000.000,-8618000.000,-8160000.000,-7239000.000,-6714000.000,-4716000.000,-5830000.000,-6129000.000,-5882000.000,-5902000.000,-6501000.000,-3230000.000,-2604000.000,2087000.000,-2061000.000
OtherComprehensiveIncomeForeignCurrencyTransactionAndTranslationAdjustmentNetOfTaxPortionAttributableToParent,,,2000.000,-7000.000,3000.000,-4000.000,-15000.000,-12000.000,-2000.000,-9000.000,-26000.000,-4000.000,-109000.000,-18000.000,-4000.000,-1000.000,-3000.000,0.000,-4000.000,-2000.000,-3000.000,-3000.000,-1000.000
OtherComprehensiveIncomeLossNetOfTaxPortionAttributableToParent,,,-11000.000,-12000.000,15000.000,-1000.000,-22000.000,-16000.000,1000.000,-13000.000,-27000.000,-5000.000,-109000.000,148000.000,-4000.000,-1000.000,-3000.000,0.000,-4000.000,-2000.000,-3000.000,-3000.000,-1000.000
OtherComprehensiveIncomeUnrealizedHoldingGainLossOnSecuritiesArisingDuringPeriodNetOfTax,,,-13000.000,-5000.000,12000.000,3000.000,-7000.000,-4000.000,3000.000,-4000.000,-1000.000,-1000.000,,,0.000,0.000,0.000,0.000,,,,,
OtherNonoperatingIncomeExpense,,,,,,,,-21000.000,-19000.000,,1000.000,,2000.000,,-14000.000,55000.000,33000.000,-17000.000,0.000,31000.000,-10000.000,-59000.000,
PaymentsForRestructuring,,,,,,,,,,,,,,,-319.000,,,,,,895000.000,,
PaymentsToAcquirePropertyPlantAndEquipment,,,148000.000,,,,64000.000,,,,100000.000,,,,127000.000,,,,161000.000,,,,0.000
PaymentsToAcquireShortTermInvestments,,,28240000.000,,,,5015000.000,,,,1508000.000,,,,0.000,,,,,,,,
PrepaymentFeesOnAdvancesNet,,,,,,,,,,,,,,,,,,,667.000,,,,
ProceedsFromIssuanceOfPrivatePlacement,,,,,,,,,,,,,,,,14703.000,14703.000,,,,,,
ProceedsFromSaleOfShortTermInvestments,,,28961000.000,,,,19520000.000,,,,6206000.000,,,,0.000,,,,,,,,
ProceedsFromStockOptionsExercised,,,,,,,5000.000,,,,300000.000,,,,0.000,,,,,,,,
ProfitLoss,-9982000.000,,,,,,,,,,,,,,,,,,,,,,
RestructuringAndRelatedCostCostIncurredToDate,,,,,,,859000.000,,,,,,,,,,,,,,,,
RestructuringAndRelatedCostExpectedNumberOfPositionsEliminated,,,,,,,,,,,,,,,,,,,,45.000,,,
RestructuringCharges,,,,,,,,,,,,,,,,,,,,4000.000,,,
RestructuringReserveAcceleratedDepreciation,,,,,,,,,,,,,,,,,,,,600.000,,,
RestructuringReserveAccrualAdjustment,,,,,,,,,,,,,,,35.000,,,,,,,,
RestructuringReserveSettledWithoutCash2,,,,,,,,,,,,,,,,,,,,,196000.000,,196000.000
RevenueFromGrants,99000.000,443000.000,378000.000,461000.000,576000.000,556000.000,724000.000,584000.000,563000.000,619000.000,467000.000,483000.000,390000.000,467000.000,452000.000,470000.000,327000.000,101000.000,157000.000,188000.000,473000.000,341000.000,324000.000
RevenueFromRelatedParties,92000.000,26000.000,45000.000,89000.000,28000.000,-10000.000,,,,,,,,,,,,,,,,,
Revenues,191000.000,469000.000,39322000.000,923000.000,674000.000,1397000.000,1943000.000,1706000.000,855000.000,890000.000,1069000.000,1170000.000,632000.000,-71000.000,645000.000,744000.000,709000.000,496000.000,675000.000,2793000.000,473000.000,-2782000.000,324000.000
SalesRevenueGoodsNet,,,14000.000,373000.000,70000.000,754000.000,790000.000,822000.000,265000.000,190000.000,539000.000,662000.000,115000.000,-770000.000,72000.000,113000.000,209000.000,225000.000,321000.000,174000.000,,,
SalesRevenueNet,191000.000,469000.000,39322000.000,923000.000,674000.000,1397000.000,1943000.000,1706000.000,855000.000,890000.000,1069000.000,1170000.000,632000.000,-71000.000,645000.000,744000.000,709000.000,496000.000,675000.000,2793000.000,473000.000,-2782000.000,324000.000
SegmentReportingInformationRevenue,,,,,,,1943000.000,1706000.000,855000.000,890000.000,1069000.000,,,,,,,,,,,,
SellingGeneralAndAdministrativeExpense,4196000.000,3895000.000,4399000.000,3437000.000,3170000.000,3104000.000,3312000.000,3422000.000,2995000.000,4014000.000,3634000.000,3156000.000,2472000.000,1543000.000,2466000.000,2464000.000,2156000.000,2019000.000,2727000.000,1613000.000,1530000.000,-133000.000,1276000.000
ShareBasedCompensation,,,1104000.000,,,,863000.000,,,,785000.000,,,,313000.000,,,,591000.000,,,,264000.000
ShareBasedCompensationArrangementByShareBasedPaymentAwardFairValueAssumptionsExpectedVolatilityRate,,,,,,,0.850,,,,,,,,,,,,,,,,
ShareBasedCompensationArrangementByShareBasedPaymentAwardFairValueAssumptionsRiskFreeInterestRate,,,,,,,0.009,,,,,,,,,,,,,,,,
ShareBasedCompensationArrangementByShareBasedPaymentAwardOptionsExpirationsInPeriod,,,,,,,58686.000,,,,,,,,,,,,,,,,
ShareBasedCompensationArrangementByShareBasedPaymentAwardOptionsForfeituresInPeriod,,,,,,,42126.000,,,,,,,,,,,,,,,,
ShareBasedCompensationArrangementByShareBasedPaymentAwardOptionsGrantsInPeriodGross,,,,,,,261915.000,,,,,,,,,,,,,,,,
ShareBasedCompensationArrangementByShareBasedPaymentAwardOptionsGrantsInPeriodWeightedAverageGrantDateFairValue,,,,,,,1.190,,,,,,,,,,,,,,,,
ShareBasedCompensationArrangementsByShareBasedPaymentAwardOptionsExercisesInPeriodWeightedAverageExercisePrice,,,,,,,1.650,,,,,,,,,,,,,,,,
ShareBasedCompensationArrangementsByShareBasedPaymentAwardOptionsExpirationsInPeriodWeightedAverageExercisePrice,,,,,,,5.300,,,,,,,,,,,,,,,,
ShareBasedCompensationArrangementsByShareBasedPaymentAwardOptionsForfeituresInPeriodWeightedAverageExercisePrice,,,,,,,3.670,,,,,,,,,,,,,,,,
ShareBasedCompensationArrangementsByShareBasedPaymentAwardOptionsGrantsInPeriodWeightedAverageExercisePrice,,,,,,,1.680,,,,,,,,,,,,,,,,
StockIssuedDuringPeriodSharesNewIssues,,,,,,,,,,,,,,,,,,,,,,,275000.000
StockIssuedDuringPeriodSharesStockOptionsExercised,,,,,,,3175.000,,,,,,,,,,,,,,,,
UndistributedEarningsLossAllocatedToParticipatingSecuritiesBasic,,,,,,,,,,,,,0.000,,,,,,,,,,
WeightedAverageNumberOfDilutedSharesOutstanding,29824008.000,34080177.000,34265638.000,34183702.000,34243792.000,-68413353.000,34353277.000,34434271.000,34516051.000,-68832298.000,34806797.000,34989142.000,,,,,,,,,,,
WeightedAverageNumberOfShareOutstandingBasicAndDiluted,,,,,,,,,,,,,56288099.000,,135338509.000,23117539.000,26979598.000,-160428295.000,27367305.000,27717447.000,27869133.000,-55141929.000,28399811.000
WeightedAverageNumberOfSharesOutstandingBasic,29824008.000,34080177.000,34136333.000,34183702.000,34243792.000,-68346529.000,34353277.000,34434271.000,34516051.000,-68832298.000,34806797.000,34989142.000,,,,,,,,,,,
