,2011-06-30,2011-09-30,2012-03-31,2012-06-30,2012-09-30,2012-12-31,2013-03-31,2013-06-30,2013-09-30,2013-12-31,2014-03-31
AmortizationOfIntangibleAssets,,,,,1089000.000,,946000.000,1170000.000,1488000.000,1243000.000,1799000.000
AntidilutiveSecuritiesExcludedFromComputationOfEarningsPerShareAmount,,,,,1414000.000,,281000.000,218000.000,213000.000,,2339000.000
ComprehensiveIncomeNetOfTax,,,6739000.000,4280000.000,8029000.000,7419000.000,3606000.000,8084000.000,11069000.000,10860000.000,-3405000.000
CostsAndExpenses,24768000.000,28548000.000,31978000.000,30681000.000,30573000.000,31851000.000,35584000.000,32495000.000,36478000.000,39064000.000,56390000.000
DepreciationAndAmortization,,,3177000.000,3129000.000,3367000.000,3075000.000,3542000.000,4118000.000,4769000.000,4779000.000,5518000.000
DepreciationDepletionAndAmortization,,,2206000.000,,,,2596000.000,,,,3719000.000
EarningsPerShareBasic,0.270,0.170,0.210,0.250,0.260,0.340,0.310,0.360,0.330,0.450,-0.160
EarningsPerShareDiluted,0.260,0.170,0.210,0.250,0.260,0.310,0.300,0.350,0.320,0.420,-0.160
EffectOfExchangeRateOnCashAndCashEquivalentsContinuingOperations,,,82000.000,,,,-196000.000,,,,-246000.000
EffectiveIncomeTaxRateContinuingOperations,,,0.350,0.350,0.350,-0.704,0.281,0.360,0.250,-0.610,-0.395
ExcessTaxBenefitFromShareBasedCompensationFinancingActivities,,,2953000.000,,,,700000.000,,,,1414000.000
ExcessTaxBenefitFromShareBasedCompensationOperatingActivities,,,2953000.000,,,,700000.000,,,,1414000.000
FiniteLivedIntangibleAssetsAmortizationExpense,,,971000.000,978000.000,,,,,,,
FutureAmortizationExpenseYearOne,,,2400000.000,,,,,,,,
FutureAmortizationExpenseYearThree,,,66000.000,,,,,,,,
FutureAmortizationExpenseYearTwo,,,1337000.000,,,,,,,,
GainLossOnSaleOfPropertyPlantEquipment,,,-85000.000,,,,-201000.000,,,,-148000.000
GeneralAndAdministrativeExpense,5148000.000,7407000.000,9351000.000,8250000.000,8072000.000,8407000.000,9219000.000,7471000.000,8385000.000,8346000.000,9307000.000
GoodwillAcquiredDuringPeriod,,,,,,,6227000.000,,,,1205000.000
GoodwillImpairmentLoss,,,,,,,0.000,,,,0.000
GoodwillTranslationAdjustments,,,,,,,-2342000.000,,,,369000.000
ImpairmentOfIntangibleAssetsIndefinitelivedExcludingGoodwill,,,,,,,0.000,,,,12648000.000
IncomeLossFromContinuingOperationsBeforeIncomeTaxesMinorityInterestAndIncomeLossFromEquityMethodInvestments,9546000.000,5831000.000,7408000.000,8890000.000,9201000.000,11149000.000,9930000.000,13068000.000,10185000.000,13236000.000,-2611000.000
IncomeTaxExpenseBenefit,3221000.000,1775000.000,2592000.000,3145000.000,3253000.000,3686000.000,2789000.000,4752000.000,2571000.000,2922000.000,1032000.000
IncomeTaxReconciliationNondeductibleExpenseImpairmentLosses,,,,,,,,,,,2500000.000
IncomeTaxesPaid,,,283000.000,,,,8551000.000,,,,2346000.000
IncreaseDecreaseInAccountsPayableAndAccruedLiabilities,,,3572000.000,,,,-2440000.000,,,,-259000.000
IncreaseDecreaseInAccountsReceivable,,,488000.000,,,,2570000.000,,,,2363000.000
IncreaseDecreaseInDeferredRevenue,,,10000.000,,,,58000.000,,,,58000.000
IncreaseDecreaseInEmployeeRelatedLiabilities,,,234000.000,,,,755000.000,,,,105000.000
IncreaseDecreaseInPrepaidDeferredExpenseAndOtherAssets,,,-23000.000,,,,260000.000,,,,-2244000.000
IncrementalCommonSharesAttributableToShareBasedPaymentArrangements,,,601000.000,542000.000,547000.000,-1147000.000,731000.000,795000.000,803000.000,-1539000.000,0.000
InterestExpense,,,,,,,,,,,26000.000
InterestPaid,,,,,,,,,,,22000.000
InvestmentIncomeInterest,,,12000.000,17000.000,22000.000,20000.000,19000.000,12000.000,14000.000,10000.000,19000.000
NetCashProvidedByUsedInContinuingOperations,,,8045000.000,,,,-8229000.000,,,,3186000.000
NetCashProvidedByUsedInFinancingActivities,,,-4450000.000,,,,-4247000.000,,,,4118000.000
NetCashProvidedByUsedInFinancingActivitiesContinuingOperations,,,-4450000.000,,,,-4247000.000,,,,4118000.000
NetCashProvidedByUsedInInvestingActivities,,,-3419000.000,,,,-15861000.000,,,,-16250000.000
NetCashProvidedByUsedInInvestingActivitiesContinuingOperations,,,-3419000.000,,,,-15861000.000,,,,-16250000.000
NetCashProvidedByUsedInOperatingActivities,,,15832000.000,,,,12075000.000,,,,15564000.000
NetCashProvidedByUsedInOperatingActivitiesContinuingOperations,,,15832000.000,,,,12075000.000,,,,15564000.000
NetIncomeLoss,,4056000.000,4816000.000,5745000.000,5948000.000,7463000.000,7141000.000,8316000.000,7614000.000,10314000.000,-3643000.000
NetIncomeLossAvailableToCommonStockholdersBasic,,,4816000.000,5745000.000,5948000.000,7463000.000,,,,,
NetIncomeLossAvailableToCommonStockholdersDiluted,,,4816000.000,5745000.000,5948000.000,7463000.000,,,,,
NonoperatingIncomeExpense,24000.000,23000.000,17000.000,13000.000,36000.000,33000.000,13000.000,-2000.000,-30000.000,9000.000,0.000
OperatingIncomeLoss,9522000.000,5808000.000,7391000.000,8877000.000,9165000.000,11116000.000,9917000.000,13070000.000,10215000.000,13227000.000,-2611000.000
OtherComprehensiveIncomeAvailableforsaleSecuritiesAdjustmentNetOfTaxPortionAttributableToParent,,,-2000.000,,,,,-2000.000,,,
OtherComprehensiveIncomeForeignCurrencyTransactionAndTranslationAdjustmentNetOfTaxPortionAttributableToParent,,,1925000.000,-1465000.000,2081000.000,-43000.000,-3535000.000,-230000.000,3455000.000,544000.000,238000.000
OtherComprehensiveIncomeLossNetOfTaxPortionAttributableToParent,,,1923000.000,-1465000.000,2081000.000,-44000.000,-3535000.000,-232000.000,3455000.000,546000.000,238000.000
PaymentsForRepurchaseOfCommonStock,,,8710000.000,,,,8308000.000,,,,0.000
PaymentsToAcquireBusinessesNetOfCashAcquired,,,,,,,9923000.000,,,,11322000.000
PaymentsToAcquireInvestments,,,6984000.000,,,,1522000.000,,,,3732000.000
PaymentsToAcquirePropertyPlantAndEquipment,,,3650000.000,3009000.000,3234000.000,3545000.000,4661000.000,5474000.000,6381000.000,4237000.000,5125000.000
ProceedsFromIssuanceOfSharesUnderIncentiveAndShareBasedCompensationPlansIncludingStockOptions,,,1307000.000,,,,3361000.000,,,,2704000.000
ProceedsFromMaturitiesPrepaymentsAndCallsOfShorttermInvestments,,,,,,,,,,,3929000.000
ProceedsFromSaleMaturityAndCollectionsOfInvestments,,,7215000.000,,,,245000.000,,,,
ProfitLoss,6325000.000,,,,,,,,,,
ProvisionForDoubtfulAccounts,,,563000.000,,,,766000.000,,,,672000.000
Revenues,34290000.000,34356000.000,39369000.000,39558000.000,39738000.000,42967000.000,45501000.000,45565000.000,46693000.000,52291000.000,53779000.000
SalesRevenueNet,34290000.000,34356000.000,39369000.000,39558000.000,39738000.000,42967000.000,45501000.000,45565000.000,46693000.000,52291000.000,53779000.000
SellingAndMarketingExpense,6403000.000,7477000.000,8860000.000,8483000.000,8216000.000,8972000.000,10502000.000,8955000.000,10070000.000,12399000.000,13857000.000
ShareBasedCompensation,,,5924000.000,,,,4593000.000,,,,4362000.000
TreasuryStockSharesAcquired,,,221673.000,,,,,,,,
TreasuryStockValueAcquiredParValueMethod,,,8710000.000,,,,,,,,
WeightedAverageNumberOfDilutedSharesOutstanding,24615000.000,24488000.000,23174000.000,23169000.000,23261000.000,-46355000.000,23785000.000,23747000.000,24043000.000,-47601000.000,23443000.000
WeightedAverageNumberOfSharesOutstandingBasic,23558000.000,23695000.000,22536000.000,22578000.000,22641000.000,-45116000.000,22937000.000,22826000.000,23093000.000,-45814000.000,23443000.000
