,2011-09-30,2011-12-31,2012-03-31,2012-09-30,2012-12-31,2013-03-31,2013-06-30,2013-09-30,2013-12-31,2014-03-31,2014-06-30,2014-09-30,2014-12-31,2015-03-31
AdvertisingExpense,,,,3000.000,,0.000,,,,,,77000.000,,
AllocatedShareBasedCompensationExpense,,,,80802.000,80472.000,51050.000,,,,,,,,
AmortizationOfDebtDiscountPremium,20697.000,,,20698.000,,6899.000,,,,,,276581.000,,
AmortizationOfFinancingCosts,13028.000,,,13027.000,,,,,,,,38052.000,,
CashAndCashEquivalentsPeriodIncreaseDecrease,226209.000,,,-187076.000,,,,-44488.000,,,,-27117.000,,
CostOfGoodsAndServicesSold,1015065.000,1045217.000,522518.000,553346.000,384554.000,719311.000,902973.000,665181.000,728963.000,451076.000,587936.000,420561.000,451816.000,
CostOfGoodsSold,,,,,,,,,,,,,,416018.000
CurrentIncomeTaxExpenseBenefit,0.000,0.000,0.000,0.000,,2063.000,,,,,,,,
DebtConversionConvertedInstrumentAmount1,,,,0.000,,,,,,,,,,
DebtConversionOriginalDebtAmount1,,,,,,,,,,,,93743.000,,
Depreciation,,,,,,,,,,,,19420.000,,
DepreciationAndAmortization,7154.000,,,14930.000,,,,21523.000,,,,19420.000,,
DerivativeGainLossOnDerivativeNet,,,,,,,,,,,,1018161.000,-287694.000,1318.000
EarningsPerShareBasic,0.000,0.000,-0.000,-0.010,-0.010,-0.000,-0.020,-0.020,-0.010,-0.000,-0.020,-0.020,-0.020,-0.000
EarningsPerShareDiluted,0.000,0.000,-0.000,-0.010,-0.010,-0.000,-0.020,-0.020,-0.010,0.000,-0.020,-0.020,-0.020,-0.000
ExtinguishmentOfDebtAmount,,,,,,,,,,,,457600.000,,
FairValueAssumptionsExpectedDividendRate,,,,,,,,,,,,0.000,,
GainsLossesOnExtinguishmentOfDebt,,,,,,,,,,,,,,-124850.000
GrossProfit,873616.000,511370.000,586417.000,393888.000,421294.000,744786.000,618362.000,120973.000,516778.000,487066.000,342177.000,472344.000,575353.000,645342.000
IncomeLossFromContinuingOperationsBeforeIncomeTaxesExtraordinaryItemsNoncontrollingInterest,217144.000,-430222.000,-480521.000,-450508.000,-405104.000,-83932.000,-379774.000,-673284.000,-417682.000,-165441.000,-683016.000,-1334861.000,-2209502.000,-458523.000
IncomeTaxExpenseBenefit,,,,,,,,,,,,0.000,0.000,
IncomeTaxesPaid,0.000,,,0.000,,,,,,,,0.000,,
IncreaseDecreaseInAccountsPayable,-193768.000,,,-143153.000,,,,210768.000,,,,-95211.000,,
IncreaseDecreaseInAccountsReceivable,-140479.000,,,180051.000,,,,456619.000,,,,16262.000,,
IncreaseDecreaseInAccruedLiabilities,-56108.000,,,-43537.000,,,,-88392.000,,,,-100593.000,,
IncreaseDecreaseInCustomerDeposits,2151.000,,,57714.000,,,,219962.000,,,,18381.000,,
IncreaseDecreaseInDeferredRevenue,7378.000,,,4567.000,,,,2515.000,,,,-21325.000,,
IncreaseDecreaseInInterestPayableNet,16636.000,,,,,,,,,,,,,
IncreaseDecreaseInInventories,344969.000,,,113987.000,,,,-242157.000,,,,-5079.000,,
IncreaseDecreaseInPrepaidDeferredExpenseAndOtherAssets,1150.000,,,1540.000,,,,-12447.000,,,,11260.000,,
IncreaseDecreaseInRestrictedCash,,,,,,,,39.000,,,,11.000,,
IncrementalCommonSharesAttributableToCallOptionsAndWarrants,,,,5110876.000,,,,5110876.000,,,,0.000,,
IncrementalCommonSharesAttributableToConversionOfDebtSecurities,,,,1816259.000,,,,1816259.000,,,,1324999814.000,,
IncrementalCommonSharesAttributableToShareBasedPaymentArrangements,,,,3500005.000,,,,5525005.000,,,,7065005.000,,
InterestExpense,,2852.000,,,,,,,,,,,,
InterestExpenseTradingLiabilities,,,,,,,,,,,,883820.000,575796.000,
InterestIncomeExpenseNet,-29511.000,-46083.000,-50504.000,-50193.000,-49458.000,-25565.000,-17286.000,-17524.000,-19339.000,-45780.000,-171839.000,-390968.000,-563248.000,-470247.000
InterestPaid,1466.000,,,2038.000,,,,2512.000,,,,56052.000,,
InvestmentIncomeInterest,1619.000,,685.000,693.000,526.000,268.000,265.000,112.000,226.000,25.000,12.000,327.000,156.000,59.000
NetCashProvidedByUsedInFinancingActivities,-2374.000,,,-10969.000,,,,-5985.000,,,,506077.000,,
NetCashProvidedByUsedInFinancingActivitiesContinuingOperations,-2374.000,,,-10969.000,,,,-5985.000,,,,506077.000,,
NetCashProvidedByUsedInInvestingActivities,-11369.000,,,-19772.000,,,,-39.000,,,,-11.000,,
NetCashProvidedByUsedInInvestingActivitiesContinuingOperations,-11369.000,,,-19772.000,,,,-39.000,,,,-11.000,,
NetCashProvidedByUsedInOperatingActivities,239952.000,,,-156335.000,,,,-38464.000,,,,-533183.000,,
NetCashProvidedByUsedInOperatingActivitiesContinuingOperations,239952.000,,,-156335.000,,,,-38464.000,,,,-533183.000,,
NetIncomeLoss,217144.000,-430222.000,-480521.000,-450508.000,-405104.000,-85995.000,-379804.000,-673284.000,-417682.000,-165441.000,-683016.000,-1334861.000,-2209502.000,-458523.000
NonoperatingIncomeExpense,,,,,,,,,,,,,,-593779.000
OperatingIncomeLoss,246655.000,-384139.000,-430017.000,-400315.000,-355646.000,-58367.000,-362488.000,-655760.000,-398343.000,-158279.000,-340606.000,-345446.000,-20930.000,135256.000
PaymentsToAcquirePropertyPlantAndEquipment,-11369.000,,,19772.000,,,,,,,,,,
ProceedsFromIssuanceOfCommonStock,,,,,,,,,,,,2500.000,,
ProvisionForDoubtfulAccounts,0.000,,,-6453.000,,,,-5685.000,,,,-11027.000,,
RepaymentsOfDebtAndCapitalLeaseObligations,,,,8760.000,,,,4303.000,,,,4666.000,,
RepaymentsOfNotesPayable,-2374.000,,,2209.000,,,,1682.000,,,,130757.000,,
RepaymentsOfRelatedPartyDebt,0.000,,,,,,,,,,,,,
Revenues,1888681.000,1556587.000,1108935.000,947234.000,805848.000,1464097.000,1521335.000,786154.000,1245741.000,938142.000,930113.000,892905.000,1027169.000,1061360.000
SalesRevenueNet,1888681.000,1556587.000,1108935.000,947234.000,805848.000,1464097.000,1521335.000,786154.000,1245741.000,938142.000,930113.000,892905.000,1027169.000,1061360.000
SellingGeneralAndAdministrativeExpense,626961.000,895509.000,1016434.000,794203.000,776940.000,803153.000,980850.000,776733.000,915121.000,645345.000,682783.000,817790.000,596283.000,510086.000
ShareBasedCompensation,,,,80802.000,,,,72545.000,,,,56510.000,,
StockGrantedDuringPeriodValueSharebasedCompensation,,,,80802.000,,51050.000,,,,,,,,
WeightedAverageNumberDilutedSharesOutstandingAdjustment,,,,10427140.000,,,,12452140.000,,,,1332064819.000,,
WeightedAverageNumberOfDilutedSharesOutstanding,125759466.000,104556462.000,108147068.000,36190238.000,36220238.000,36479571.000,-72275853.000,36742483.000,37224113.000,41097447.000,-74721875.000,54246103.000,122907617.000,1217239489.000
WeightedAverageNumberOfSharesOutstandingBasic,104458636.000,104556462.000,108147068.000,36190238.000,36220238.000,36479571.000,-72275853.000,36742483.000,37224113.000,41097447.000,-74721875.000,54246103.000,122907617.000,1217239489.000
