,2011-06-30,2011-09-30,2012-03-31,2012-06-30,2012-09-30,2012-12-31,2013-03-31,2013-06-30,2013-09-30,2013-12-31,2014-03-31,2014-06-30,2014-09-30,2014-12-31,2015-03-31,2015-06-30,2015-09-30,2015-12-31,2016-03-31,2016-06-30,2016-09-30,2016-12-31,2017-03-31
AllocatedShareBasedCompensationExpense,,,,,,,436403.000,,,,123364.000,,,,,,,,,,,,
AmortizationOfDebtDiscountPremium,,,74073.000,,,,,,,,,,,,,,,,,,,,
AntidilutiveSecuritiesExcludedFromComputationOfEarningsPerShareAmount,,,,,,,,36249673.000,,,,,,,,,,,,,,,
CashAndCashEquivalentsPeriodIncreaseDecrease,,,6998.000,,,,27132.000,,,,-208544.000,,,,-619523.000,,,,-249862.000,,,,1659891.000
ConcentrationRiskPercentage1,,,,,,,,,,,0.910,,,,0.950,0.980,0.960,-1.920,,,,,
ConversionOfStockSharesConverted1,,,,,,,1544565.000,,,,,,,,,,,,,,,,
CostOfGoodsSold,223802.000,181543.000,75780.000,77629.000,45882.000,550238.000,263950.000,1200936.000,406757.000,256068.000,529301.000,966393.000,977324.000,1928684.000,620728.000,2142012.000,1188222.000,2331125.000,733411.000,522703.000,628195.000,369276.000,973613.000
DebtConversionOriginalDebtAmount1,,,,,,,,-760000.000,,,,,,,1147000.000,,,,500000.000,,,,
DebtInstrumentInterestRateDuringPeriod,,,,,,,,,,,,,,,,,,,0.045,,,,0.045
Depreciation,,,,,,,6226.000,,,,3530.000,,,,876.000,,,,657.000,,,,1333.000
DepreciationAndAmortization,6029.000,4623.000,2872.000,2057.000,382.000,,,,,,,,,,,,,,,,,,
Dividends,,,,,,,,,,,133204.000,97775.000,,,,,,,,,,,
DividendsCommonStock,,,,,,,,,,,,,,,85573.000,,,,68441.000,,,,66080.000
DividendsPreferredStockStock,,,,,,,,,,,,,148181.000,,66872.000,67890.000,68636.000,68440.000,66626.000,66223.000,66080.000,64659.000,64644.000
EarningsPerShareBasic,,,,,,,,,,,,,,,,,,,,,0.010,,
EarningsPerShareBasicAndDiluted,-0.020,-0.010,,,,,,,,,-0.130,-0.050,-0.050,0.000,-0.050,-0.050,-0.020,-0.040,-0.010,-0.030,,,-0.000
EarningsPerShareDiluted,,,,,,,,,,,,,,,,,,,,,0.010,,
FairValueNetDerivativeAssetLiabilityMeasuredOnRecurringBasisUnobservableInputsReconciliationGainLossIncludedInEarnings,,,,,,,,,,,2125537.000,383439.000,,,-142922.000,,,,1139365.000,,,,2243518.000
FairValueNetDerivativeAssetLiabilityMeasuredOnRecurringBasisUnobservableInputsReconciliationIssues,,,,,,,,,,,-616411.000,,,,-1684496.000,,,,-303043.000,,,,-2291334.000
FairValueNetDerivativeAssetLiabilityMeasuredOnRecurringBasisUnobservableInputsReconciliationSettlements,,,,,,,,,,,,41229.000,,,,,,,0.000,,,,54763681.000
GainLossOnDispositionOfAssets,,,-3519.000,-1450.000,,,,,,,,,,,,,,,,,,,
GeneralAndAdministrativeExpense,404100.000,376210.000,1581051.000,224732.000,317375.000,457827.000,1045064.000,851582.000,1321227.000,483221.000,991806.000,1132763.000,1029118.000,1296414.000,1421268.000,848028.000,1006486.000,2199891.000,1068350.000,1548556.000,956614.000,1251497.000,1417908.000
GrossProfit,169553.000,133024.000,61458.000,94166.000,28272.000,88483.000,146851.000,102435.000,110932.000,161544.000,121231.000,194749.000,86741.000,-111009.000,144247.000,-58091.000,135508.000,-382654.000,-150113.000,-39734.000,333754.000,177956.000,556139.000
IncreaseDecreaseInAccountsPayableAndAccruedLiabilities,,,93254.000,,,,-251319.000,,,,-287219.000,,,,-270954.000,,,,-141493.000,,,,1143852.000
IncreaseDecreaseInAccountsReceivable,,,-4591.000,,,,-50775.000,,,,-132852.000,,,,-194805.000,,,,1470994.000,,,,-460491.000
IncreaseDecreaseInDerivativeLiabilities,,,,,,,,-105605.000,-489425.000,,-2125537.000,-383439.000,-398603.000,2286420.000,142922.000,186470.000,-1079335.000,-512386.000,-1139365.000,1164905.000,-3051973.000,-539737.000,-2243518.000
IncreaseDecreaseInFairValueAdjustmentsOnAssetsAndLiabilitiesCarriedAtFairValueUnderFairValueOption,,,,,,,,,,,2125537.000,,,,142922.000,,,,-1139365.000,,,,-2243518.000
IncreaseDecreaseInInterestPayableNet,,,8012.000,,,,,,,,,,,,,,,,,,,,
IncreaseDecreaseInInventories,,,128.000,,,,303205.000,,,,-180038.000,,,,-65643.000,,,,-51614.000,,,,-474019.000
IncreaseDecreaseInNotesPayableCurrent,,,,,,,,1820000.000,,,,,,,,,,,,,,,
IncreaseDecreaseInOtherOperatingAssets,,,261.000,,,,-17367.000,,,,42365.000,,,,-85180.000,,,,-201063.000,,,,-261817.000
IncreaseDecreaseInRestrictedCash,,,,,,,262.000,,,,,,,,-33.000,,,,53.000,,,,52.000
IncrementalCommonSharesAttributableToCallOptionsAndWarrants,,,,,,,,,,,,,,,,,,,,,88156594.000,,
InterestExpense,11052.000,11368.000,115939.000,13019.000,40164.000,-49180.000,-228199.000,-152418.000,684206.000,1520485.000,37129.000,-14120.000,37037.000,142727.000,207737.000,,,,,,,,
InterestIncomeExpenseNet,,,,,,,,,,,,,,,,33.000,-15456.000,,-12214.000,-16990.000,-10428.000,,-20538.000
InterestPaid,,,,,,,13795.000,,,,7944.000,,,,122556.000,,,,13119.000,,,,20538.000
InventoryWriteDown,,,1725.000,,,,,,,,,,,,,,,,,,,,
InvestmentIncomeAmortizationOfDiscount,,,,,,,,45109.000,,,,,,,,,,,,,,,
InvestmentIncomeInterest,46.000,25.000,4.000,4.000,3.000,,,,,,,,,,,,,,,,,,
IssuanceOfStockAndWarrantsForServicesOrClaims,,,,,,,195600.000,,,,39875.000,,,,453062.000,,,,18000.000,,,,360500.000
LineOfCreditFacilityInterestRateDuringPeriod,,,,,,,,,,,,,,,0.033,,,,0.325,,,,0.035
LineOfCreditFacilityMaximumAmountOutstandingDuringPeriod,,,,,,,,,,,,,,,130000.000,,,,78000.000,,,,177802.000
LitigationSettlementGross,,,,,,,800000.000,,,,,,,,,,,,,,,,
NetCashProvidedByUsedInFinancingActivities,,,239105.000,,,,914000.000,,,,1615218.000,,,,1513882.000,,,,626222.000,,,,3743120.000
NetCashProvidedByUsedInFinancingActivitiesContinuingOperations,,,239105.000,,,,914000.000,,,,1615218.000,,,,1513882.000,,,,626222.000,,,,3743120.000
NetCashProvidedByUsedInInvestingActivities,,,701.000,,,,262.000,,,,-2349.000,,,,,,,,-53.000,,,,-52.000
NetCashProvidedByUsedInInvestingActivitiesContinuingOperations,,,701.000,,,,262.000,,,,-2349.000,,,,,,,,-53.000,,,,-52.000
NetCashProvidedByUsedInOperatingActivities,,,-232808.000,,,,-887130.000,,,,-1821413.000,,,,-2133405.000,,,,-876031.000,,,,-2083177.000
NetCashProvidedByUsedInOperatingActivitiesContinuingOperations,,,-232808.000,,,,-887130.000,,,,-1821413.000,,,,-2133405.000,,,,-876031.000,,,,-2083177.000
NetIncomeLoss,-694156.000,-620546.000,-1701345.000,-183184.000,-214969.000,-1019845.000,-1556898.000,-1450372.000,-2157227.000,-1957638.000,-3603769.000,-1574041.000,-1666216.000,-1272577.000,-2278045.000,-2413294.000,-2132666.000,-5166558.000,-1179148.000,-3838668.000,1859964.000,-2287710.000,-270274.000
NetIncomeLossAvailableToCommonStockholdersBasic,,,,,,,,,,,,,-1814397.000,,-2344917.000,-2481184.000,-2201302.000,-5234998.000,-1245774.000,-3904891.000,1793884.000,-2352369.000,-334918.000
NonoperatingIncomeExpense,-11006.000,-11343.000,-119454.000,-13437.000,101192.000,-86796.000,-228199.000,,,,-2162666.000,,,,,,,,,,,,
NotesReduction,,,,,,,,-730758.000,,,,,,,,,,,,,,,
OperatingExpenses,852703.000,742227.000,1643349.000,263913.000,344433.000,1021532.000,1475550.000,1505994.000,2073378.000,870973.000,1562334.000,2138109.000,2114523.000,3023243.000,2071633.000,2168766.000,3332053.000,2976432.000,2137263.000,2617039.000,1515513.000,2338143.000,3001439.000
OperatingIncomeLoss,-683150.000,-609203.000,-1581891.000,-169747.000,-316161.000,-933049.000,-1328699.000,-1403559.000,-1962446.000,-709429.000,-1441103.000,-1943360.000,-2027782.000,-3134252.000,-1927386.000,-2226857.000,-3196545.000,-3359086.000,-2287376.000,-2656773.000,-1181759.000,-2160187.000,-2445300.000
OperatingLeasesRentExpenseNet,,,,,,,11367.000,,,,15568.000,,,,14270.000,,,,12318.000,,,,14346.000
OtherDepreciationAndAmortization,,,,,,,47795.000,,,,47794.000,,,,42144.000,,,,35294.000,,,,30000.000
OtherExpenses,,,,,,,,,,,,,,,,,,,18923.000,0.000,-178.000,,47954.000
OtherIncome,,,,,,,,,,,,,,,,-186437.000,1063879.000,,1108228.000,,,,
OtherNonoperatingIncomeExpense,,,,,,,,,,,,,,,-350659.000,,,,,-1181895.000,3041723.000,,2175026.000
PaymentsToAcquirePropertyPlantAndEquipment,,,,,,,,,,,2349.000,,,,,,,,,,,,
ProceedsFromIssuanceOfPreferredStockAndPreferenceStock,,,,,,,,,,,,,,,4500000.000,,,,1000000.000,,,,0.000
ProceedsFromLoans,,,72150.000,,,,,,,,,,,,,,,,,,,,
ProceedsFromNotesPayable,,,33855.000,,,,1049000.000,,,,,,,,,,,,,,,,
ProceedsFromSaleOfMachineryAndEquipment,,,701.000,,,,,,,,,,,,,,,,,,,,
ProceedsFromShortTermDebt,,,,,,,47000.000,,,,,,,,,,,,,,,,
ProceedsFromUnsecuredLinesOfCredit,,,,,,,,,,,,,,,,,,,,,,,68120.000
ProceedsFromWarrantExercises,,,,,,,,,,,,,,,,,,,30000.000,,,,0.000
ProvisionForDoubtfulAccounts,,,-606.000,,,,,,,,,,,,-6847.000,,,,140152.000,,,,8030.000
ProvisionForOtherLosses,,,,,,,,,,,,,,,,,,,110000.000,,,,0.000
RepaymentsOfConvertibleDebt,,,,,,,,-37000.000,,,20000.000,,,,2986118.000,,198668.000,,403778.000,,300000.000,,
RepaymentsOfMediumTermNotes,,,,,,,,,,,25750.000,,,,,,,,,,,,
RepaymentsOfNotesPayable,,,,,,,135000.000,,,,250000.000,,,,2986118.000,,,,403778.000,,,,0.000
ResearchAndDevelopmentExpense,,86.000,,,,,,,,,,,,,,,,,,,,,
RevenueRecognitionSalesReturnsReserveForSalesReturns,,,-479.000,,,,,,,,,,,,,,,,,,,,
Revenues,393355.000,314567.000,137238.000,171795.000,74154.000,638721.000,410801.000,1303371.000,517689.000,417612.000,650532.000,1161143.000,1064065.000,1817674.000,764975.000,1897484.000,2387609.000,1948471.000,1691526.000,482969.000,961949.000,547232.000,1529752.000
SaleOfStockNumberOfSharesIssuedInTransaction,,,,,,,209800.000,,,,,,,,,,,,,,,,
SalesRevenueNet,393355.000,314567.000,137238.000,171795.000,74154.000,638721.000,410801.000,1303371.000,517689.000,417612.000,650532.000,1161143.000,1064065.000,1817674.000,764975.000,2083921.000,1323730.000,1948471.000,583298.000,482969.000,961949.000,547232.000,1529752.000
SellingAndMarketingExpense,442574.000,361308.000,59426.000,37124.000,26676.000,569016.000,430486.000,654412.000,752151.000,387752.000,570528.000,1005346.000,1085405.000,1726829.000,650365.000,1320738.000,2325567.000,776541.000,1068913.000,1068483.000,558899.000,1086646.000,1583531.000
ShareBasedCompensation,,,1198250.000,,,,,,,,,,,,129098.000,,,,61555.000,,,,
ShareBasedCompensationArrangementByShareBasedPaymentAwardEquityInstrumentsOtherThanOptionsForfeituresWeightedAverageGrantDateFairValue,,,,,,,,,,,,,,,0.150,0.200,0.170,,0.160,0.150,0.150,,0.150
ShareBasedCompensationArrangementByShareBasedPaymentAwardFairValueAssumptionsExpectedDividendRate,,,,,,,,,,,,,,,,,,,,,,,0.000
ShareBasedCompensationArrangementByShareBasedPaymentAwardFairValueAssumptionsExpectedVolatilityRate,,,,,,,,,,,,,,,,,,,,,,,0.750
ShareBasedCompensationArrangementByShareBasedPaymentAwardFairValueAssumptionsRiskFreeInterestRate,,,,,,,,,,,,,,,,,,,,,,,0.007
ShareBasedCompensationArrangementByShareBasedPaymentAwardNonOptionEquityInstrumentsExercised,,,,,,,,,,,,,,,,,,,,,0.000,,0.000
ShareBasedCompensationArrangementByShareBasedPaymentAwardNonOptionEquityInstrumentsExpirations,,,,,,,,,,,,,,,,,,,,,0.000,,0.000
ShareBasedCompensationArrangementByShareBasedPaymentAwardNonOptionEquityInstrumentsForfeitures,,,,,,,,,,,,,,,,,,,,,0.000,,-360000.000
ShareBasedCompensationArrangementByShareBasedPaymentAwardNonOptionEquityInstrumentsGranted,,,,,,,,,,,,,,,,,,,,,3460000.000,,2000000.000
ShareBasedCompensationArrangementByShareBasedPaymentAwardOptionsExpirationsInPeriod,,,,,,,,,,,,,,,,,,,61453.000,,0.000,,0.000
ShareBasedCompensationArrangementByShareBasedPaymentAwardOptionsForfeituresAndExpirationsInPeriodWeightedAverageExercisePrice,,,,,,,,,,,,,,,,,,,,,0.000,,0.150
ShareBasedCompensationArrangementByShareBasedPaymentAwardOptionsForfeituresInPeriod,,,,,,,,,,,,-122868.000,-122868.000,,,,,,,,,,
ShareBasedCompensationArrangementByShareBasedPaymentAwardOptionsGrantsInPeriod,,,,,,,,,,,,,,,13334536.000,8428248.000,3870254.000,24910799.000,3362746.000,16666667.000,16666670.000,0.000,50000010.000
ShareBasedCompensationArrangementByShareBasedPaymentAwardOptionsGrantsInPeriodGross,,,,,,,,,,,2457390.000,,6401741.000,,,,,,,,,,
ShareBasedCompensationArrangementByShareBasedPaymentAwardOptionsGrantsInPeriodWeightedAverageGrantDateFairValue,,,,,,,,,,,,,,,,,,,,,0.150,,0.150
ShareBasedCompensationArrangementsByShareBasedPaymentAwardOptionsExercisesInPeriodWeightedAverageExercisePrice,,,,,,,,,,,,,,,,,,,0.150,0.150,0.000,-0.300,0.000
ShareBasedCompensationArrangementsByShareBasedPaymentAwardOptionsExpirationsInPeriodWeightedAverageExercisePrice,,,,,,,,,,,,,,,,,,,30.000,30.000,0.000,-60.000,0.000
ShareBasedCompensationArrangementsByShareBasedPaymentAwardOptionsForfeituresInPeriodWeightedAverageExercisePrice,,,,,,,,,,,,1.020,1.020,,,,,,,,,,
ShareBasedCompensationArrangementsByShareBasedPaymentAwardOptionsGrantsInPeriodWeightedAverageExercisePrice,,,,,,,,,,,0.250,,0.380,,,,,,,,,,
ShareBasedGoodsAndNonemployeeServicesTransactionQuantityOfSecuritiesIssued,,,,,,,38250.000,,,,,,,,,,,,,,,,
StockGrantedDuringPeriodValueSharebasedCompensationGross,,,,,,,436403.000,,,,123364.000,,,,129098.000,,,,61555.000,,,,83227.000
StockIssued1,,,,,,,157350.000,,,,,,,,,,,,,,,,
StockIssuedDuringPeriodSharesStockOptionsExercised,,,,,,,,,,,,,,,,,,,200000.000,100000.000,0.000,-300000.000,0.000
StockIssuedDuringPeriodValueConversionOfConvertibleSecurities,,,,,,,25304.000,,,,6033.000,,,,2222.000,,,,698.000,,,,2766.000
TemporaryEquityAccretionOfDividends,,,,,,,,,,,,,,,66872.000,,,,66626.000,,,,64644.000
WeightedAverageNumberOfDilutedSharesOutstanding,,,,,,,,,,,,,,,,,,,,,210146167.000,,
WeightedAverageNumberOfShareOutstandingBasicAndDiluted,,,,,,,,,,,33115701.000,34839764.000,38920319.000,-70446481.000,50548805.000,54047453.000,88086922.000,-117336219.000,112219264.000,112948441.000,,,146976287.000
WeightedAverageNumberOfSharesOutstandingBasic,,,,,,,,,,,,,,,,,,,,,121989573.000,,
