,2011-10-31,2012-01-31,2012-07-31,2012-10-31,2013-01-31,2013-04-30,2013-07-31,2013-10-31,2014-01-31,2014-04-30,2014-07-31,2014-10-31,2015-01-31,2015-04-30,2015-07-31,2015-10-31,2016-01-31,2016-04-30,2016-07-31,2016-10-31
AllocatedShareBasedCompensationExpense,,,181181.000,164696.000,114529.000,218301.000,1202127.000,0.000,0.000,,,,,,,,,,,
AmortizationOfDebtDiscountPremium,,,-5695.000,,,,0.000,,,,,,,,,,,,,
AntidilutiveSecuritiesExcludedFromComputationOfEarningsPerShareAmount,,,,,,,,,,,,,,,,,153021924.000,,166119908.000,166119908.000
AssetImpairmentCharges,,,,,,,,,,,,,,,0.000,,,,,
CashAndCashEquivalentsPeriodIncreaseDecrease,,,8619.000,,,,6735.000,,,,,,,,,,,,,
CashPeriodIncreaseDecrease,,,,,,,,,,,-719531.000,,,,210464.000,,,,418991.000,
ComprehensiveIncomeNetOfTax,,,,,,,,,,,,,,,-547785.000,-1099297.000,-1790895.000,-2626463.000,-1033220.000,-974941.000
ConversionOfStockAmountConverted1,,,,,,,720000.000,,,,,,,,,,,,,
CostOfRevenue,6036.000,2211.000,,9620.000,,,,0.000,0.000,,0.000,0.000,0.000,0.000,0.000,0.000,0.000,0.000,0.000,0.000
DebtInstrumentDecreaseForgiveness,,173960.000,,,,,,,,,,,,,,,,,,
Depreciation,,,0.000,,,,,,,,,,,,,,,,,
EarningsPerShareBasic,-0.000,-0.000,-0.000,0.000,0.000,0.000,-0.010,-0.010,0.000,-0.030,-0.000,-0.010,-0.000,,,,,,,
EarningsPerShareBasicAndDiluted,,,,,,,,,,,,,,,0.000,0.000,0.000,-0.010,0.000,0.000
EffectOfExchangeRateOnCashAndCashEquivalentsContinuingOperations,,,,,,,,,,,,,,,159.000,,,,448.000,
ExtinguishmentOfDebtAmount,,,,,,,32392.000,,,,,,,,,,,,,
ExtinguishmentOfDebtGainLossNetOfTax,,,,,,,,48989.000,225921.000,,0.000,0.000,0.000,0.000,,,,,,
GainLossRelatedToLitigationSettlement,,,,,,,1312328.000,,,,,,,,,,,,,
GainsLossesOnExtinguishmentOfDebt,,,71742.000,33247.000,-39000.000,-104989.000,-3973795.000,0.000,0.000,-19500.000,0.000,0.000,0.000,0.000,,,,,,
GeneralAndAdministrativeExpense,83013.000,31565.000,230006.000,67632.000,120910.000,198723.000,119206.000,165280.000,245465.000,1711328.000,838378.000,703692.000,742073.000,312254.000,261417.000,222039.000,570989.000,1236557.000,254382.000,163195.000
GoodwillAndIntangibleAssetImpairment,,,,,,,,,,,,,,,,,,,0.000,
GrossProfit,13808.000,18060.000,6626.000,-3333.000,0.000,-753.000,0.000,0.000,0.000,0.000,0.000,0.000,0.000,0.000,0.000,0.000,0.000,0.000,0.000,0.000
IncomeLossFromContinuingOperations,-403731.000,-409981.000,,,,,,,,,,,,,,,,,,
IncomeTaxExpenseBenefit,,,,,,,,,,,,,,,,,0.000,,,
IncomeTaxReconciliationChangeInDeferredTaxAssetsValuationAllowance,,,,,,,,,,,,,,,300000.000,,,,934000.000,
IncomeTaxesPaid,,,,,,,0.000,,,,0.000,,,,,,,,,
IncreaseDecreaseInAccountsPayable,,,-124935.000,,,,965.000,,,,16326.000,,,,-83582.000,,,,-24382.000,
IncreaseDecreaseInAccountsReceivable,,,2581.000,,,,0.000,,,,,,,,,,,,,
IncreaseDecreaseInAccruedLiabilities,,,66967.000,,,,11346.000,,,,-2541.000,,,,19657.000,,,,-6797.000,
IncreaseDecreaseInInventories,,,-2774.000,,,,0.000,,,,,,,,,,,,,
IncreaseDecreaseInOtherAccountsPayable,,,,,,,,,,,,,,,-300000.000,,,,-150000.000,
IncreaseDecreaseInOtherAccruedLiabilities,,,,,,,,,,,2652.000,,,,,,,,,
IncreaseDecreaseInPrepaidExpense,,,88821.000,,,,-29547.000,,,,-397973.000,,,,-16246.000,,,,-55674.000,
InterestAndOtherIncome,,,,,,,,117.000,149.000,,988.000,508.000,22.000,,,,,,,
InterestExpense,-33421.000,-35756.000,-2590.000,67267.000,3982.000,44003.000,10351.000,3606.000,3762.000,-12689.000,2652.000,2073.000,1518.000,-1305.000,632.000,194.000,126.000,239.000,569.000,356.000
InterestPaid,,,,,,,0.000,,,,0.000,,,,632.000,,,,569.000,
IssuanceOfStockAndWarrantsForServicesOrClaims,,,,,,,,,,,,,,,0.000,,,,8550.000,
LaborAndRelatedExpense,,,,,,,,140134.000,92799.000,,253418.000,4840754.000,204200.000,1190962.000,447570.000,400507.000,465889.000,557829.000,415006.000,491472.000
LeaseAndRentalExpense,,,,,,,,,,,,,,,12498.000,17114.000,13852.000,9761.000,13852.000,9577.000
NetCashProvidedByUsedInFinancingActivities,,,289757.000,,,,1735259.000,,,,67283.000,,,,1273822.000,,,,1325471.000,
NetCashProvidedByUsedInFinancingActivitiesContinuingOperations,,,289757.000,,,,1735259.000,,,,67283.000,,,,1273822.000,,,,1325471.000,
NetCashProvidedByUsedInInvestingActivities,,,-195750.000,,,,-1568850.000,,,,0.000,,,,0.000,,,,0.000,
NetCashProvidedByUsedInInvestingActivitiesContinuingOperations,,,-195750.000,,,,-1568850.000,,,,0.000,,,,0.000,,,,0.000,
NetCashProvidedByUsedInOperatingActivities,,,-85388.000,,,,-159674.000,,,,-786814.000,,,,-1063517.000,,,,-906928.000,
NetCashProvidedByUsedInOperatingActivitiesContinuingOperations,,,-85388.000,,,,-159674.000,,,,-786814.000,,,,-1063517.000,,,,-906928.000,
NetIncomeLoss,-437152.000,-271777.000,-510517.000,-382816.000,-376843.000,-327926.000,-4666367.000,-5658070.000,-458772.000,-16470811.000,-1584824.000,-4063673.000,-1458050.000,-3747962.000,-546164.000,-1099263.000,-1791097.000,-2627260.000,-1031966.000,-974551.000
NoninterestExpenseDirectorsFees,,,,,,,,,,,,0.000,0.000,,18000.000,9000.000,9000.000,9000.000,9000.000,9000.000
OperatingExpenses,417539.000,428041.000,545412.000,345463.000,340840.000,455186.000,1400691.000,448570.000,681080.000,16448801.000,1583160.000,6245439.000,1456554.000,4410336.000,1007740.000,1129245.000,1792151.000,2143997.000,1031397.000,974195.000
OperatingIncomeLoss,,,-538786.000,-348796.000,-340840.000,-455939.000,-1400691.000,-448570.000,-681080.000,-16448801.000,-1583160.000,-6245439.000,-1456554.000,-4410336.000,-1007740.000,-1129245.000,-1792151.000,-2143997.000,-1031397.000,-974195.000
OtherComprehensiveIncomeForeignCurrencyTransactionAndTranslationAdjustmentBeforeTaxPortionAttributableToParent,,,,,,,,,,,,,,,-1621.000,-34.000,202.000,797.000,-1254.000,-390.000
OtherComprehensiveIncomeLossBeforeTax,,,,,,,,,,,,,,,-1621.000,-34.000,202.000,797.000,-1254.000,-390.000
OtherExpenses,-33421.000,,46063.000,0.000,0.000,,0.000,,,,,,,,,,,,0.000,0.000
OtherIncome,,,,,,,,0.000,0.000,,,,,,,,,,,
OtherNoncashExpense,,,,,,,,,,,,,,,,141000.000,209000.000,,,
OtherNonoperatingIncome,,,,,,,,,,,,,,,-95.000,430.000,1180.000,,,
OtherNonoperatingIncomeExpense,,,28269.000,-34020.000,-36003.000,,-3265676.000,-5209500.000,222308.000,-22010.000,-1664.000,2181766.000,-1496.000,662374.000,461576.000,29982.000,1054.000,-483263.000,-569.000,-356.000
OtherOperatingIncomeExpenseNet,,138204.000,,,,,,,,,,,,,,,,,,
PaymentsForLegalSettlements,,,,,,,702061.000,,,,,,,,,,,,,
PaymentsForProceedsFromPreviousAcquisition,,,195750.000,,,,1568850.000,,,,,,,,,,,,,
PaymentsToAcquireBusinessesAndInterestInAffiliates,,,,,,,,,,,0.000,,,,,,,,,
PreferredStockConversionsInducements,,,,,,,640000.000,,,,,,,,,,,,,
ProceedsFromIssuanceOfCommonStock,,,,,,,1660000.000,,,,86000.000,,,,1273822.000,,,,1325471.000,
ProceedsFromNotesPayable,,,250000.000,,,,0.000,,,,,,,,,,,,,
ProceedsFromRelatedPartyDebt,,,39757.000,,,,77853.000,,,,0.000,,,,,,,,,
ProceedsFromWarrantExercises,,,,,,,,,,,1658880.000,,,,,,,,,
ProfessionalFees,8161.000,0.000,52243.000,99954.000,105401.000,26912.000,64358.000,143156.000,33216.000,1246938.000,260864.000,353230.000,236477.000,33775.000,125075.000,57988.000,172295.000,103039.000,178005.000,56760.000
RepaymentsOfDebt,,,132000.000,,,,,,,,,,,,,,,,,
RepaymentsOfRelatedPartyDebt,,,,,,,2594.000,,,,18717.000,,,,0.000,,,,,
ResearchAndDevelopmentExpense,,,,,,,,,,,,347763.000,273804.000,,155678.000,439711.000,573978.000,237572.000,175004.000,253768.000
Revenues,19844.000,20271.000,6626.000,6287.000,0.000,-753.000,0.000,0.000,0.000,0.000,0.000,0.000,0.000,0.000,0.000,0.000,0.000,0.000,0.000,0.000
SalesRevenueNet,19844.000,20271.000,6626.000,6287.000,0.000,-753.000,0.000,0.000,0.000,0.000,0.000,0.000,0.000,0.000,0.000,0.000,0.000,0.000,0.000,0.000
SellingAndMarketingExpense,3600.000,0.000,81982.000,13181.000,0.000,11250.000,15000.000,0.000,309600.000,547600.000,230500.000,0.000,0.000,0.000,0.000,0.000,0.000,0.000,,
ShareBasedCompensation,,,319181.000,,,,1201608.000,,,,,,,,147360.000,,,,71880.000,
ShareBasedCompensationArrangementByShareBasedPaymentAwardFairValueAssumptionsExpectedDividendRate,,,,,,,,,,,,,,,0.000,,,,,
ShareBasedCompensationArrangementByShareBasedPaymentAwardFairValueAssumptionsExpectedVolatilityRate,,,,,,,,,,,,,,,1.450,,,,,
ShareBasedCompensationArrangementByShareBasedPaymentAwardFairValueAssumptionsRiskFreeInterestRate,,,,,,,,,,,,,,,0.020,,,,,
StockIssuedDuringPeriodSharesNewIssues,,,,,,,,,,,200000.000,,,,9900000.000,,,,66800000.000,
StockIssuedDuringPeriodSharesRestrictedStockAwardNetOfForfeitures,,,100000000.000,,,,,,,,,,,,,,,,,
StockIssuedDuringPeriodSharesShareBasedCompensationGross,,,,,,,,,,,300000.000,,,,,,,,,
StockIssuedDuringPeriodValueIssuedForServices,,,,,,,9600.000,,,,-297500.000,,,,,,,,,
StockIssuedDuringPeriodValueNewIssues,,,,,,,1660000.000,,,,20000.000,,,,1300000.000,,,,,
StockIssuedDuringPeriodValueShareBasedCompensation,,,,,,,1192008.000,,,,-86100.000,,,,,,,,,
StockIssuedDuringPeriodValueShareBasedCompensationGross,,,,,,,1192008.000,,,,86100.000,,,,,,,,,
UnrealizedGainLossOnDerivatives,,,,,,,,,,,,,,,462303.000,29746.000,,,,
WeightedAverageNumberOfDilutedSharesOutstanding,,,,,,,,,,,,,,,,,,,788171700.000,848910100.000
WeightedAverageNumberOfShareOutstandingBasicAndDiluted,,,,,,,,,,,,,,,737917481.000,745357022.000,756637143.000,-1487508597.000,788171700.000,848910100.000
WeightedAverageNumberOfSharesOutstandingBasic,374087581.000,373337581.000,419566403.000,429463077.000,444680028.000,-852754658.000,521873196.000,541232652.000,599924609.000,-1079810792.000,701930165.000,703328836.000,696145901.000,-1397077246.000,,,,,788171700.000,848910100.000
