,2011-06-30,2011-09-30,2012-03-31,2012-06-30,2012-09-30,2012-12-31,2013-03-31,2013-06-30,2013-09-30,2013-12-31,2014-03-31,2014-06-30
AccretionAmortizationOfDiscountsAndPremiumsInvestments,,,43000.000,,,,-6000.000,,,,0.000,
AccretionExpense,,,,,,,-1000.000,,,,,
AllocatedShareBasedCompensationExpense,,,,2890000.000,2805000.000,,3346000.000,-273000.000,499000.000,870000.000,484000.000,297000.000
AmortizationOfIntangibleAssets,,,,,100000.000,,,,,,,
AssetImpairmentCharges,,,,,,,5140000.000,-560000.000,-166000.000,704000.000,0.000,0.000
ComprehensiveIncomeNetOfTax,,,31444000.000,-31961000.000,-24641000.000,-68274000.000,-26674000.000,15372000.000,-1692000.000,-1428000.000,-1392000.000,
DepreciationDepletionAndAmortization,,,449000.000,,,,386000.000,,,,0.000,
EarningsPerShareBasic,-0.350,,0.880,-0.890,-0.680,,-0.710,0.410,,,,0.190
EarningsPerShareBasicAndDiluted,,,,,,,,,-0.050,,-0.040,
EarningsPerShareDiluted,-0.350,,0.870,-0.890,-0.680,,-0.710,0.410,,,,0.190
GainLossOnSaleOfPropertyPlantEquipment,,,-30000.000,,,,0.000,579000.000,600000.000,-475000.000,,
GeneralAndAdministrativeExpense,8088000.000,8172000.000,,,,,,,,,,
ImpairmentOfLongLivedAssetsHeldForUse,,,,,,,1900000.000,,,,,
IncomeLossFromContinuingOperationsBeforeIncomeTaxesExtraordinaryItemsNoncontrollingInterest,,-9816000.000,31454000.000,-31956000.000,-24638000.000,-68298000.000,-26673000.000,13214000.000,-1692000.000,-1431000.000,-1392000.000,7209000.000
IncomeLossFromContinuingOperationsBeforeIncomeTaxesMinorityInterestAndIncomeLossFromEquityMethodInvestments,-12519000.000,,,,,,,,,,,
IncomeLossFromContinuingOperationsPerBasicAndDilutedShare,,-0.280,,-0.890,-0.680,,,,,,,
IncomeTaxExpenseBenefit,,,1000.000,,,,1000.000,-2158000.000,0.000,-1000.000,0.000,0.000
IncreaseDecreaseInAccountsPayableTrade,,,-413000.000,,,,2715000.000,,,,135000.000,
IncreaseDecreaseInAccruedLiabilities,,,1933000.000,,,,-9337000.000,,,,-207000.000,
IncreaseDecreaseInCustomerAdvances,,,3892000.000,,,,0.000,,,,,
IncreaseDecreaseInCustomerDeposits,,,559000.000,,,,-559000.000,,,,0.000,
IncreaseDecreaseInOtherCurrentAssets,,,,,,,-2968000.000,,,,-114000.000,
IncreaseDecreaseInOtherNoncurrentAssets,,,2592000.000,,,,-220000.000,,,,0.000,
IncreaseDecreaseInOtherNoncurrentLiabilities,,,-360000.000,,,,-256000.000,,,,0.000,
IncreaseDecreaseInOtherReceivables,,,52082000.000,,,,-17485000.000,,,,0.000,
IncreaseDecreaseInPrepaidDeferredExpenseAndOtherAssets,,,942000.000,,,,228000.000,,,,-125000.000,
InterestExpense,37000.000,38000.000,57000.000,591000.000,668000.000,126000.000,492000.000,1073000.000,0.000,0.000,0.000,0.000
InvestmentIncomeInterest,47000.000,45000.000,13000.000,20000.000,23000.000,21000.000,15000.000,6000.000,0.000,0.000,0.000,0.000
NetCashProvidedByUsedInContinuingOperations,,,5438000.000,,,,-21650000.000,,,,-741000.000,
NetCashProvidedByUsedInFinancingActivities,,,11310000.000,,,,-630000.000,,,,0.000,
NetCashProvidedByUsedInFinancingActivitiesContinuingOperations,,,11310000.000,,,,-630000.000,,,,0.000,
NetCashProvidedByUsedInInvestingActivities,,,11127000.000,,,,3600000.000,,,,0.000,
NetCashProvidedByUsedInInvestingActivitiesContinuingOperations,,,11127000.000,,,,3600000.000,,,,0.000,
NetCashProvidedByUsedInOperatingActivities,,,-16999000.000,,,,-24620000.000,,,,-741000.000,
NetCashProvidedByUsedInOperatingActivitiesContinuingOperations,,,-16999000.000,,,,-24620000.000,,,,-741000.000,
NetIncomeLossAvailableToCommonStockholdersBasic,,-9816000.000,31453000.000,-31956000.000,-24638000.000,-68271000.000,-26674000.000,15372000.000,-1692000.000,-1430000.000,-1392000.000,7209000.000
OperatingExpenses,26682000.000,23035000.000,31689000.000,34136000.000,37597000.000,82987000.000,27040000.000,-13746000.000,1692000.000,1429000.000,1392000.000,995000.000
OperatingIncomeLoss,-12531000.000,-9826000.000,31520000.000,-31381000.000,-23990000.000,-68188000.000,-26196000.000,14271000.000,-1692000.000,-1429000.000,-1392000.000,-953000.000
OtherNonoperatingIncomeExpense,2000.000,3000.000,-22000.000,-4000.000,-3000.000,-5000.000,0.000,10000.000,0.000,-2000.000,,8162000.000
PaymentsToAcquirePropertyPlantAndEquipment,,,478000.000,,,,0.000,,,,,
ProceedsFromMaturitiesPrepaymentsAndCallsOfAvailableForSaleSecurities,,,11580000.000,,,,3600000.000,,,,0.000,
ProceedsFromNotesPayable,,,10000000.000,,,,0.000,,,,,
ProceedsFromSaleOfPropertyPlantAndEquipment,,,25000.000,,,,0.000,1100000.000,1100000.000,-975000.000,,
ProceedsFromStockOptionsExercised,,,1310000.000,,,,271000.000,,,,0.000,
ProfitLoss,-12519000.000,,,,,,,,,,,
RepaymentsOfNotesPayable,,,,,,,901000.000,,,,0.000,
ResearchAndDevelopmentExpense,18594000.000,14863000.000,16107000.000,12963000.000,11416000.000,11252000.000,9736000.000,2235000.000,-166000.000,52000.000,0.000,0.000
RestructuringCharges,,,,,,,8216000.000,7124000.000,138000.000,588000.000,-101000.000,-71000.000
RestructuringReserveAccrualAdjustment,,,,,,,-274000.000,,,,,
RestructuringReserveSettledWithCash,,,,,,,4686000.000,,,,,
Revenues,14151000.000,13209000.000,63209000.000,2755000.000,13607000.000,14799000.000,844000.000,525000.000,0.000,0.000,0.000,42000.000
SalesRevenueNet,14151000.000,13209000.000,63209000.000,2755000.000,13607000.000,14799000.000,844000.000,525000.000,0.000,0.000,0.000,42000.000
SellingGeneralAndAdministrativeExpense,,,15582000.000,21173000.000,26181000.000,26778000.000,24326000.000,528000.000,1886000.000,789000.000,1493000.000,1066000.000
ShareBasedCompensation,,,2292000.000,,,,3346000.000,,,,484000.000,
WeightedAverageNumberDilutedSharesOutstandingAdjustment,,,,,,,,5000.000,,,,0.000
WeightedAverageNumberOfDilutedSharesOutstanding,35388000.000,35578000.000,36338000.000,36075000.000,36350000.000,,37469000.000,37495000.000,,,,37490000.000
WeightedAverageNumberOfShareOutstandingBasicAndDiluted,,,,36075000.000,36350000.000,,37469000.000,,37490000.000,,37490000.000,
WeightedAverageNumberOfSharesOutstandingBasic,35388000.000,35578000.000,35772000.000,36075000.000,36350000.000,,37469000.000,37490000.000,,,,37490000.000
