,2011-06-30,2011-09-30,2012-03-31,2012-06-30,2012-09-30,2012-12-31,2013-03-31,2013-06-30,2013-09-30,2013-12-31,2014-03-31,2014-06-30,2014-09-30,2014-12-31,2015-03-31,2015-06-30,2015-09-30,2015-12-31,2016-03-31,2016-06-30,2016-09-30,2016-12-31,2017-03-31
AllocatedShareBasedCompensationExpense,,,,788000.000,809000.000,,820000.000,802000.000,748000.000,740000.000,,,,,961000.000,982000.000,1044000.000,1097000.000,1332000.000,750000.000,570000.000,1061000.000,1395000.000
AntidilutiveSecuritiesExcludedFromComputationOfEarningsPerShareAmount,,,,3567000.000,4088000.000,,3919000.000,3753000.000,4401000.000,-7964000.000,3889000.000,3623000.000,3631000.000,-7318000.000,3577000.000,3067000.000,2664000.000,-6320000.000,3796000.000,2675000.000,2178000.000,-8405000.000,1685000.000
CapitalLeaseObligationsIncurred,,,,,,,,,,,,,,,,,,,51000.000,,,,80000.000
CashAndCashEquivalentsPeriodIncreaseDecrease,,,-1233000.000,,,,-6274000.000,,,,-5499000.000,,,,3659000.000,,,,-4603000.000,,,,-2332000.000
ComprehensiveIncomeNetOfTax,,,-5141000.000,-1076000.000,-727000.000,,,,,,,,,,,,,,,,,,
ComprehensiveIncomeNetOfTaxIncludingPortionAttributableToNoncontrollingInterest,,,,,,,2161000.000,-761000.000,-1583000.000,-4594000.000,-3609000.000,-2725000.000,-2686000.000,-1638000.000,-3623000.000,-1898000.000,-974000.000,1961000.000,-1982000.000,-1247000.000,1628000.000,4195000.000,-1023000.000
CostOfGoodsSold,,,5651000.000,6968000.000,6618000.000,7674000.000,5422000.000,6151000.000,5490000.000,7116000.000,5077000.000,5917000.000,5877000.000,9925000.000,7309000.000,7621000.000,7625000.000,9847000.000,7648000.000,8996000.000,10160000.000,13345000.000,11144000.000
CostOfRevenue,6476000.000,6772000.000,7845000.000,9274000.000,8828000.000,9790000.000,7417000.000,8442000.000,7651000.000,9202000.000,7303000.000,7848000.000,7935000.000,11679000.000,9052000.000,9687000.000,9594000.000,12145000.000,9949000.000,11472000.000,12538000.000,15962000.000,13778000.000
CostOfServices,,,2194000.000,2306000.000,2210000.000,2116000.000,1995000.000,2291000.000,2161000.000,2086000.000,2226000.000,1931000.000,2058000.000,1754000.000,1743000.000,2066000.000,1969000.000,2298000.000,2301000.000,2476000.000,2378000.000,2617000.000,2634000.000
DeferredRevenueAdditions,,,,,,,,,,,,3856000.000,3418000.000,,2802000.000,2250000.000,2331000.000,2995000.000,3263000.000,3045000.000,2517000.000,3519000.000,3391000.000
DeferredRevenueRevenueRecognized,,,,,,,,,,,3056000.000,3147000.000,3233000.000,,3223000.000,3232000.000,3199000.000,3204000.000,,,,,
DeferredRevenueRevenueRecognized1,,,,,,,,,,,,,,,,,,,3220000.000,3334000.000,3447000.000,3381000.000,3267000.000
DepreciationDepletionAndAmortization,,,343000.000,,,,320000.000,,,,331000.000,,,,327000.000,,,,240000.000,,,,248000.000
EarningsPerShareBasic,,,,,,,,,,,,,,,,,,,,,0.120,,
EarningsPerShareBasicAndDiluted,-0.180,-0.210,-0.380,-0.100,-0.060,0.080,-0.150,0.000,-0.110,-0.070,-0.260,-0.190,-0.180,-0.110,-0.250,-0.130,-0.070,0.130,-0.160,-0.090,,,-0.070
EarningsPerShareDiluted,,,,,,,,,,,,,,,,,,,,,0.120,,
GeneralAndAdministrativeExpense,2588000.000,2310000.000,3495000.000,2854000.000,2475000.000,2452000.000,2289000.000,2354000.000,2160000.000,3135000.000,2564000.000,2335000.000,2897000.000,3407000.000,2989000.000,3014000.000,2937000.000,3189000.000,3220000.000,3997000.000,2716000.000,3010000.000,3216000.000
GrossProfit,8419000.000,8460000.000,7882000.000,10317000.000,10598000.000,12743000.000,8550000.000,11118000.000,9177000.000,13037000.000,8886000.000,9876000.000,10791000.000,13820000.000,10019000.000,12876000.000,13491000.000,17897000.000,12474000.000,16005000.000,17743000.000,21913000.000,15521000.000
IncomeLossFromContinuingOperationsBeforeIncomeTaxesMinorityInterestAndIncomeLossFromEquityMethodInvestments,-2664000.000,-2537000.000,-5170000.000,-1377000.000,-956000.000,1173000.000,-2181000.000,-548000.000,-1837000.000,-235000.000,-3573000.000,-2697000.000,-2539000.000,-1584000.000,-3594000.000,-1836000.000,-900000.000,2102000.000,-2027000.000,-1199000.000,1705000.000,4241000.000,-1140000.000
IncomeLossFromContinuingOperationsIncludingPortionAttributableToNoncontrollingInterest,-208000.000,-326000.000,,,,,,,,,,,,,,,,,,,,,
IncomeTaxExpenseBenefit,,,97000.000,89000.000,-64000.000,96000.000,-18000.000,90000.000,-169000.000,43000.000,37000.000,44000.000,97000.000,41000.000,50000.000,53000.000,57000.000,52000.000,24000.000,30000.000,61000.000,28000.000,-118000.000
IncreaseDecreaseInAccountsPayableTrade,,,101000.000,,,,54000.000,,,,663000.000,,,,-228000.000,,,,611000.000,,,,491000.000
IncreaseDecreaseInAccountsReceivable,,,-640000.000,,,,-2027000.000,,,,-3091000.000,,,,-737000.000,,,,-472000.000,,,,1305000.000
IncreaseDecreaseInAccruedIncomeTaxesPayable,,,-9000.000,,,,-92000.000,,,,10000.000,,,,22000.000,,,,-55000.000,,,,1000.000
IncreaseDecreaseInAccruedLiabilities,,,-661000.000,,,,-2504000.000,,,,-1534000.000,,,,-2781000.000,,,,-2758000.000,,,,-2657000.000
IncreaseDecreaseInDeferredRentReceivables,,,-27000.000,,,,,,,,,,,,,,,,,,,,
IncreaseDecreaseInDeferredRevenue,,,-118000.000,,,,584000.000,,,,548000.000,,,,-559000.000,,,,-103000.000,,,,-23000.000
IncreaseDecreaseInInventories,,,1153000.000,,,,-23000.000,,,,634000.000,,,,867000.000,,,,1397000.000,,,,695000.000
IncreaseDecreaseInOtherCurrentAssets,,,-444000.000,,,,-60000.000,,,,792000.000,,,,,,,,,,,,
IncreaseDecreaseInOtherNoncurrentAssets,,,28000.000,,,,-35000.000,,,,-303000.000,,,,1000.000,,,,35000.000,,,,9000.000
IncreaseDecreaseInOtherNoncurrentLiabilities,,,,,,,-259000.000,,,,-70000.000,,,,-72000.000,,,,-82000.000,,,,
IncreaseDecreaseInPrepaidDeferredExpenseAndOtherAssets,,,,,,,,,,,,,,,15000.000,,,,230000.000,,,,158000.000
LeaseAndRentalExpense,,,,,,,351000.000,397000.000,,,,,,,,,,,,,,,
NetCashProvidedByUsedInFinancingActivities,,,586000.000,,,,3717000.000,,,,2063000.000,,,,1391000.000,,,,162000.000,,,,-1821000.000
NetCashProvidedByUsedInFinancingActivitiesContinuingOperations,,,586000.000,,,,3717000.000,,,,2063000.000,,,,1391000.000,,,,162000.000,,,,-1821000.000
NetCashProvidedByUsedInInvestingActivities,,,3054000.000,,,,-9448000.000,,,,-6590000.000,,,,8282000.000,,,,-721000.000,,,,3274000.000
NetCashProvidedByUsedInInvestingActivitiesContinuingOperations,,,3054000.000,,,,-9448000.000,,,,-6590000.000,,,,8282000.000,,,,-721000.000,,,,3274000.000
NetCashProvidedByUsedInOperatingActivities,,,-4873000.000,,,,-543000.000,,,,-972000.000,,,,-6014000.000,,,,-4044000.000,,,,-3785000.000
NetCashProvidedByUsedInOperatingActivitiesContinuingOperations,,,-4873000.000,,,,-543000.000,,,,-972000.000,,,,-6014000.000,,,,-4044000.000,,,,-3785000.000
NetIncomeLoss,-2456000.000,-2863000.000,-5267000.000,-1466000.000,-892000.000,1077000.000,-2163000.000,-638000.000,-1668000.000,-278000.000,-3610000.000,-2741000.000,-2636000.000,-1625000.000,-3644000.000,-1889000.000,-957000.000,2050000.000,-2051000.000,-1229000.000,1644000.000,4213000.000,-1022000.000
NonoperatingIncomeExpense,,,,,,,,,,,,138000.000,,,8000.000,96000.000,84000.000,105000.000,144000.000,217000.000,166000.000,-204000.000,273000.000
OperatingExpenses,11282000.000,11088000.000,13148000.000,11838000.000,11706000.000,11675000.000,10866000.000,11741000.000,11154000.000,13377000.000,12539000.000,12711000.000,13330000.000,15342000.000,13621000.000,14808000.000,14475000.000,15900000.000,14645000.000,17421000.000,16204000.000,17468000.000,16934000.000
OperatingIncomeLoss,-2863000.000,-2628000.000,-5266000.000,-1521000.000,-1108000.000,1068000.000,-2316000.000,-623000.000,-1977000.000,-340000.000,-3653000.000,-2835000.000,-2539000.000,-1592000.000,-3602000.000,-1932000.000,-984000.000,1997000.000,-2171000.000,-1416000.000,1539000.000,4445000.000,-1413000.000
OtherComprehensiveIncomeLossAvailableForSaleSecuritiesAdjustmentBeforeReclassificationAdjustmentsAndTax,,,,,,,4000.000,-125000.000,94000.000,6000.000,2000.000,26000.000,-57000.000,-13000.000,33000.000,-13000.000,-19000.000,-88000.000,69000.000,11000.000,-24000.000,-26000.000,3000.000
OtherComprehensiveIncomeLossAvailableForSaleSecuritiesAdjustmentBeforeTax,,,,,,,4000.000,-125000.000,85000.000,6000.000,2000.000,25000.000,-60000.000,-13000.000,33000.000,-14000.000,-23000.000,-90000.000,69000.000,11000.000,-25000.000,-28000.000,-1000.000
OtherComprehensiveIncomeLossNetOfTax,,,,,,,2000.000,-123000.000,85000.000,6000.000,1000.000,16000.000,-50000.000,-13000.000,21000.000,-9000.000,-17000.000,-89000.000,69000.000,-18000.000,-16000.000,-18000.000,-1000.000
OtherComprehensiveIncomeLossNetOfTaxPortionAttributableToParent,,,126000.000,390000.000,165000.000,241000.000,,,,,,,,,,,,,,,,,
OtherComprehensiveIncomeLossReclassificationAdjustmentForWritedownOfSecuritiesIncludedInNetIncomeBeforeTax,,,,,,,0.000,0.000,-9000.000,0.000,0.000,,,,,,,,,,,,
OtherComprehensiveIncomeLossReclassificationAdjustmentFromAOCIForSaleOfSecuritiesBeforeTax,,,,,,,,,,,,1000.000,3000.000,,,1000.000,4000.000,,,,1000.000,,4000.000
OtherComprehensiveIncomeLossTax,,,,,,,2000.000,-2000.000,0.000,0.000,1000.000,9000.000,-10000.000,,12000.000,-5000.000,-6000.000,,,29000.000,-9000.000,,
OtherComprehensiveIncomeLossTaxPortionAttributableToParent,,,-38000.000,,,,,,,,,,,,,,,,,,,,
OtherComprehensiveIncomeLossTaxPortionAttributableToParent1,,,,-17000.000,102000.000,,,,,,,,,,,,,,,,,,
OtherComprehensiveIncomeUnrealizedHoldingGainLossOnSecuritiesArisingDuringPeriodBeforeTax,,,164000.000,373000.000,267000.000,,,,,,,,,,,,,,,,,,
OtherNonoperatingIncomeExpense,199000.000,91000.000,96000.000,144000.000,152000.000,105000.000,135000.000,75000.000,140000.000,105000.000,80000.000,,,,,,,,,,,,
OtherOperatingActivitiesCashFlowStatement,,,14000.000,,,,34000.000,,,,97000.000,,,,106000.000,,,,12000.000,,,,-51000.000
PaymentsForRepurchaseOfCommonStock,,,,,,,,,,,,,,,4550000.000,,,,279000.000,,,,2700000.000
PaymentsRelatedToTaxWithholdingForShareBasedCompensation,,,,,,,,,,,,,,,,,,,,,,,784000.000
PaymentsToAcquireBusinessesGross,,,5091000.000,,,,0.000,,,,,,,,,,,,,,,,
PaymentsToAcquireMarketableSecurities,,,13442000.000,,,,20473000.000,,,,16791000.000,,,,8867000.000,,,,6399000.000,,,,15972000.000
PaymentsToAcquirePropertyPlantAndEquipment,,,277000.000,,,,525000.000,,,,239000.000,,,,407000.000,,,,97000.000,,,,69000.000
ProceedsFromIssuanceOfSharesUnderIncentiveAndShareBasedCompensationPlansIncludingStockOptions,,,586000.000,,,,3717000.000,,,,2096000.000,,,,6002000.000,,,,511000.000,,,,1751000.000
ProceedsFromMaturitiesPrepaymentsAndCallsOfAvailableForSaleSecurities,,,11135000.000,,,,11050000.000,,,,7240000.000,,,,12180000.000,,,,3975000.000,,,,14035000.000
ProceedsFromSaleOfAvailableForSaleSecurities,,,10729000.000,,,,500000.000,,,,3200000.000,,,,5376000.000,,,,1800000.000,,,,5255000.000
ProceedsFromSaleOfPropertyPlantAndEquipment,,,,,,,,,,,,,,,,,,,,,,,25000.000
RepaymentsOfLongTermCapitalLeaseObligations,,,,,,,,,,,33000.000,,,,61000.000,,,,70000.000,,,,88000.000
ResearchAndDevelopmentExpense,2346000.000,2352000.000,2216000.000,1872000.000,2217000.000,2122000.000,2121000.000,2217000.000,2440000.000,2438000.000,2644000.000,2622000.000,2628000.000,2649000.000,2445000.000,2728000.000,2748000.000,2812000.000,2709000.000,2712000.000,2914000.000,2897000.000,2945000.000
Revenues,14895000.000,15232000.000,15727000.000,19591000.000,19426000.000,22533000.000,15967000.000,19560000.000,16828000.000,22239000.000,16189000.000,17724000.000,18726000.000,25499000.000,19071000.000,22563000.000,23085000.000,30042000.000,22423000.000,27477000.000,30281000.000,37875000.000,29299000.000
SalesRevenueGoodsNet,,,11854000.000,15156000.000,15128000.000,17919000.000,11523000.000,15053000.000,12480000.000,17849000.000,11752000.000,13171000.000,14409000.000,20967000.000,14703000.000,18042000.000,18797000.000,25480000.000,17956000.000,22454000.000,25493000.000,33125000.000,24475000.000
SalesRevenueNet,14895000.000,15232000.000,15727000.000,19591000.000,19426000.000,22533000.000,15967000.000,19560000.000,16828000.000,22239000.000,16189000.000,17724000.000,18726000.000,25499000.000,19071000.000,22563000.000,23085000.000,30042000.000,22423000.000,27477000.000,30281000.000,37875000.000,29299000.000
SalesRevenueServicesNet,,,3873000.000,4435000.000,4298000.000,4614000.000,4444000.000,4507000.000,4348000.000,4390000.000,4437000.000,4553000.000,4317000.000,4532000.000,4368000.000,4521000.000,4288000.000,4562000.000,4467000.000,5023000.000,4788000.000,4750000.000,4824000.000
SellingAndMarketingExpense,6348000.000,6426000.000,7437000.000,7112000.000,7014000.000,7101000.000,6456000.000,7170000.000,6554000.000,7804000.000,7331000.000,7754000.000,7805000.000,9356000.000,8187000.000,9066000.000,8790000.000,9899000.000,8716000.000,10712000.000,10574000.000,11561000.000,10773000.000
ShareBasedCompensation,,,738000.000,,,,820000.000,,,,625000.000,693000.000,980000.000,1001000.000,961000.000,,,,1332000.000,,,,1395000.000
ShareBasedCompensationArrangementByShareBasedPaymentAwardOptionsForfeituresAndExpirationsInPeriod,,,,,,,,,,,,,,,,,,,26213.000,,,,11352.000
ShareBasedCompensationArrangementByShareBasedPaymentAwardOptionsForfeituresAndExpirationsInPeriodWeightedAverageExercisePrice,,,,,,,,,,,,,,,,,,,10.210,,,,17.390
ShareBasedCompensationArrangementByShareBasedPaymentAwardOptionsGrantsInPeriodGross,,,,,,,,,,,,,,,70000.000,,,,28000.000,,,,52000.000
ShareBasedCompensationArrangementByShareBasedPaymentAwardSharesIssuedInPeriod,,,,,,,438403.000,,,,248001.000,,,,,,,,,,,,
ShareBasedCompensationArrangementsByShareBasedPaymentAwardOptionsExercisesInPeriodWeightedAverageExercisePrice,,,,,,,,,,,,,,,,,,,8.440,,,,8.680
ShareBasedCompensationArrangementsByShareBasedPaymentAwardOptionsGrantsInPeriodWeightedAverageExercisePrice,,,,,,,,,,,,,,,,,,,11.240,,,,18.180
StandardProductWarrantyAccrualPayments,,,,,,,1054000.000,,,,587000.000,582000.000,671000.000,692000.000,780000.000,685000.000,979000.000,1038000.000,1254000.000,997000.000,1102000.000,1380000.000,1861000.000
StandardProductWarrantyAccrualWarrantiesIssued,,,,,,,901000.000,,,,456000.000,591000.000,568000.000,882000.000,816000.000,736000.000,1122000.000,1460000.000,1254000.000,1178000.000,1202000.000,1741000.000,2135000.000
StockIssuedDuringPeriodSharesStockOptionsExercised,,,,,,,,,,,,,,,,,,,88170.000,,,,201686.000
StockRepurchasedDuringPeriodValue,,,,,,,,,,,,,,,656000.000,,,,,,,,
WeightedAverageNumberOfDilutedSharesOutstanding,13765000.000,13862.000,13960000.000,,,,,,,,,,,,,,,,,,13544000.000,,
WeightedAverageNumberOfShareOutstandingBasicAndDiluted,,,,14095000.000,14127000.000,,14408000.000,14723000.000,14541000.000,-29251000.000,14021000.000,14231000.000,14334000.000,-42571746.000,14611.000,14441.000,13827.000,13917121.000,13010000.000,13131000.000,,,13840000.000
WeightedAverageNumberOfSharesOutstandingBasic,,,,,,,,,,,,,,,,,,,,,13163000.000,,
