,2011-03-31,2011-06-30,2011-09-30,2011-12-31,2012-03-31,2012-06-30,2012-09-30,2012-12-31,2013-03-31,2013-06-30,2013-09-30,2013-12-31,2014-03-31,2014-06-30,2014-09-30,2014-12-31,2015-03-31,2015-06-30,2015-09-30,2015-12-31,2016-03-31,2016-06-30,2016-09-30,2016-12-31,2017-03-31
AccumulatedDepreciationDepletionAndAmortizationPropertyPlantAndEquipmentPeriodIncreaseDecrease,,,,,127000.000,,,,218871.000,,,,,,,,,,,,,,,,
AdjustmentsToAdditionalPaidInCapitalSharebasedCompensationRequisiteServicePeriodRecognitionValue,,,,,,,,,631414.000,,,,680599.000,,,,540986.000,,,,,,,,
AmortizationOfDebtDiscountPremium,,,,,,,,,,,,,,,,,,3121942.000,4049000.000,,1291000.000,,,,
AmortizationOfFinancingCosts,,,,,,,,,,,,,,,,,,376036.000,451000.000,,526000.000,,,,63000.000
AntidilutiveSecuritiesExcludedFromComputationOfEarningsPerShareAmount,,,,,3552702.000,,,,,,,,,,,,,,,,,,,,
CashAndCashEquivalentsPeriodIncreaseDecrease,-2044758.000,,,,-1298195.000,,,,2707584.000,,,,-5004834.000,,,,-2981562.000,,,,-2793000.000,,,,4432000.000
CostOfRevenue,7694.000,36313.000,440.000,2538.000,1373.000,24106.000,,,3036.000,385.000,0.000,5584.000,0.000,0.000,0.000,0.000,6813.000,3420431.000,4701000.000,4206756.000,4250000.000,3947000.000,3231000.000,4560000.000,4340000.000
DebtConversionConvertedInstrumentAmount1,,,,,,,,,,,,,,,,,,,,,1675000.000,,,,
DebtInstrumentConvertibleBeneficialConversionFeature,,,,,,,,,,,,,,,,,,,,,5970000.000,,,,365000.000
Depreciation,,,,,,,,,,,,,,,,,,,,,300000.000,,,,200000.000
DepreciationAndAmortization,,,,,126866.000,,,,218871.000,,,,1502718.000,,,,1566263.000,,,,1280000.000,,,,1202000.000
DepreciationDepletionAndAmortization,,,,,,,,,,,,,1503000000000.000,,,,,,,,,,,,
DerivativeGainLossOnDerivativeNet,,,,,,,,,,,,,,,,,,3899843.000,1092000.000,,-407000.000,-271000.000,-229000.000,739000.000,841000.000
DiscontinuedOperationGainLossOnDisposalOfDiscontinuedOperationNetOfTax,,,,,,,,,,,,,,,,,,-8701390.000,0.000,,,,,,
DisposalGroupIncludingDiscontinuedOperationOperatingIncomeLoss,,,,,,,,,,,,,,,,,,-1092890.000,0.000,,,,,,
DividendsPreferredStock,,,,,,,,,,,,,,,,,,,,,,,,,562000.000
EarningsPerShareBasic,-0.430,-0.240,-0.260,-0.270,-0.290,-0.290,-0.240,-0.290,0.090,-0.400,-0.440,-0.570,-0.500,-0.490,-0.450,-0.640,-0.460,-1.170,-0.600,0.000,-0.240,-0.160,-0.170,-0.140,-0.150
EarningsPerShareDiluted,-0.430,-0.240,-0.260,-0.270,-0.290,-0.290,-0.240,-0.290,0.070,-0.400,-0.440,-0.550,-0.500,-0.490,-0.450,-0.640,-0.460,-1.170,-0.600,0.000,-0.240,-0.160,-0.170,-0.140,-0.150
EmployeeBenefitsAndShareBasedCompensation,,,,,,,,,,,,,,,,,386757.000,,,,302000.000,,,,
EmployeeServiceShareBasedCompensationUnrecognizedCompensationCostsOnNonvestedAwardsWeightedAveragePeriodOfRecognition,,,,,1.040,,,,,,,,,,,,,,,,,,,,
FairValueAdjustmentOfWarrants,,,,,,,,,,,,,,,,,,,,,6000000.000,,,,
GainLossOnSaleOfPropertyPlantEquipment,,,,,,,,,,,,,,,,,,-7608500.000,0.000,,,,,,
GrossProfit,43894.000,101665.000,291.000,2402.000,2191.000,46454.000,,,5066380.000,364.000,0.000,5825.000,0.000,0.000,0.000,0.000,-63.000,-2058304.000,-3203000.000,-3316633.000,-3400000.000,-2990000.000,-2324000.000,-3174000.000,-3043000.000
IncomeLossFromContinuingOperations,,,,,,,,,,,,,,,,,,-7043265.000,-10020000.000,,,-6144000.000,-7557000.000,,
IncomeLossFromContinuingOperationsPerBasicShare,,,,,,,,,,,,,,,,,,-0.520,-0.600,,,-0.160,-0.170,,
IncomeLossFromContinuingOperationsPerDilutedShare,,,,,,,,,,,,,,,,,,-0.520,-0.600,,,-0.160,-0.170,,
IncomeTaxesPaid,,,,,,,,,0.000,,,,0.000,,,,0.000,,,,,,,,
IncreaseDecreaseInAccountsPayable,-173433.000,,,,14226.000,,,,70835.000,,,,-548962.000,,,,134636.000,,,,393000.000,,,,-615000.000
IncreaseDecreaseInAccountsReceivable,18757.000,,,,4550.000,,,,0.000,,,,-11409.000,,,,0.000,,,,392000.000,,,,-74000.000
IncreaseDecreaseInAccruedLiabilitiesAndOtherOperatingLiabilities,,,,,,,,,,,,,,,,,,,,,-109000.000,,,,-55000.000
IncreaseDecreaseInInventories,,,,,,,,,,,,,,,,,,,,,-61000.000,,,,198000.000
IncreaseDecreaseInOtherAccruedLiabilities,,,,,,,,,273675.000,,,,0.000,,,,,,,,,,,,
IncreaseDecreaseInOtherOperatingLiabilities,,,,,,,,,,,,,,,,,,,,,-57000.000,,,,-22000.000
IncreaseDecreaseInPrepaidDeferredExpenseAndOtherAssets,-223945.000,,,,,,,,,,,,0.000,,,,-47500.000,,,,-219000.000,,,,47000.000
IncreaseDecreaseInPrepaidExpense,,,,,,,,,-160320.000,,,,,,,,,,,,,,,,
IncreaseDecreaseInRestrictedCash,,,,,,,,,,,,,,,,,,,,,-4098000.000,,,,
InterestExpense,-3749.000,-3694.000,-2637.000,-1906.000,-1571.000,-1255.000,-2448.000,-1578.000,-990.000,-5481.000,-6834.000,-6117.000,-4800.000,-4068.000,,,,,,,,,,,-20000.000
InterestExpenseDebt,,,,,,,,,,,,,,,,,,,,,8000.000,,,,
InterestIncomeExpenseNet,,,,,,,,,,,,,,,3895.000,,4417.000,-232286.000,-194000.000,-99131.000,-10000.000,,-3000.000,,
InterestPaid,,,,,0.000,,,,0.000,,,,0.000,,,,0.000,,,,8000.000,,,,17000.000
IssuanceOfStockAndWarrantsForServicesOrClaims,,,,,,,,,221893.000,,,,119504.000,,,,,,,,,,,,
NetCashProvidedByUsedInFinancingActivities,,,,,0.000,,,,2547221.000,,,,28520.000,,,,75000.000,,,,1681000.000,,,,11692000.000
NetCashProvidedByUsedInFinancingActivitiesContinuingOperations,,,,,0.000,,,,2547221.000,,,,28520.000,,,,75000.000,,,,1681000.000,,,,11692000.000
NetCashProvidedByUsedInInvestingActivities,-719094.000,,,,-14071.000,,,,-2364060.000,,,,-610672.000,,,,-48741.000,,,,-149000.000,,,,-59000.000
NetCashProvidedByUsedInInvestingActivitiesContinuingOperations,-719094.000,,,,-14071.000,,,,-2364060.000,,,,-610672.000,,,,-48741.000,,,,-149000.000,,,,-59000.000
NetCashProvidedByUsedInOperatingActivities,-1325664.000,,,,-1284124.000,,,,2524423.000,,,,-4422682.000,,,,-3007821.000,,,,-4325000.000,,,,-7201000.000
NetCashProvidedByUsedInOperatingActivitiesContinuingOperations,-1325664.000,,,,-1284124.000,,,,2524423.000,,,,-4422682.000,,,,-3007821.000,,,,-4325000.000,,,,-7201000.000
NetIncomeLoss,-3092440.000,-1728726.000,-1873096.000,-1875162.000,-2045385.000,-2038358.000,-2043644.000,-2890421.000,947415.000,-4695235.000,-5298415.000,-6134659.000,-6187950.000,-6066349.000,-5618631.000,-7800911.000,-5683963.000,-15744655.000,-10020000.000,-5574382.000,-8413000.000,-6144000.000,-7557000.000,-7322000.000,-7126000.000
NetIncomeLossAvailableToCommonStockholdersBasic,,,,,,,,,,,,,,,,,,,,,,,,,-7688000.000
OperatingIncomeLoss,-3096189.000,-1732420.000,-1875733.000,-1877068.000,-2046956.000,-2039613.000,-2046092.000,-2891999.000,946425.000,-4700716.000,-5305249.000,-6140776.000,-6192750.000,-6070417.000,-5622526.000,-5529638.000,-5688380.000,-7212844.000,-6418000.000,-6223776.000,-6179000.000,-5873000.000,-7325000.000,-8029000.000,-7884000.000
OtherDepreciationAndAmortization,53034.000,,,,,,,,,,,,,,,,,,,,,,,,
OtherNonoperatingIncomeExpense,,,,,,,,,,,,,,,,,,169579.000,-3602000.000,,,-271000.000,-232000.000,,758000.000
OtherSignificantNoncashTransactionValueOfConsiderationGiven1,,,,,,,,,771253.000,,,,323486.000,,,,,,,,,,,,
PaymentsToAcquirePropertyPlantAndEquipment,719094.000,,,,14071.000,,,,2364060.000,,,,610672.000,,,,48741.000,,,,149000.000,,,,59000.000
ProceedsFromIssuanceOfCommonStock,,,,,,,,,,,,,,,,,,,,,,,,,9083000.000
ProceedsFromIssuanceOfRedeemableConvertiblePreferredStock,,,,,,,,,,,,,,,,,,,,,,,,,2698000.000
ProceedsFromStockOptionsExercised,,,,,,,,,2431239.000,,,,28520.000,,,,75000.000,,,,,,,,
ProceedsFromWarrantExercises,,,,,,,,,115982.000,,,,0.000,,,,,,,,,,,,
RepaymentsOfLongTermCapitalLeaseObligations,,,,,,,,,,,,,,,,,,,,,,,,,3000.000
RepaymentsOfLongTermDebt,,,,,,,,,,,,,,,,,,,,,,,,,86000.000
RepaymentsOfNotesPayable,,,,,,,,,,,,,,,,,,,,,2417000.000,,,,
ResearchAndDevelopmentExpense,1624315.000,901851.000,1030349.000,986220.000,1120078.000,1197263.000,1216464.000,1579050.000,1939888.000,2528303.000,2826532.000,3089627.000,3324346.000,2990870.000,2693458.000,2652054.000,2722649.000,1476418.000,1491000.000,1120933.000,927000.000,1013000.000,3119000.000,2852000.000,2869000.000
RestrictedStockExpense,,,,,,,,,,,,,,,,,,,,,,,,,259000.000
Revenues,51588.000,137978.000,731.000,4940.000,3564.000,70560.000,,,5069416.000,749.000,0.000,11409.000,0.000,0.000,0.000,0.000,6750.000,1362127.000,1498000.000,890123.000,850000.000,957000.000,907000.000,1386000.000,1297000.000
SalesRevenueNet,51588.000,137978.000,731.000,4940.000,3564.000,70560.000,,,5069416.000,749.000,0.000,11409.000,0.000,0.000,0.000,0.000,6750.000,1362127.000,1498000.000,890123.000,850000.000,957000.000,907000.000,1386000.000,1297000.000
SellingGeneralAndAdministrativeExpense,1515768.000,932234.000,845675.000,893250.000,929069.000,888804.000,829628.000,1314166.000,2180067.000,2172777.000,2478717.000,3056974.000,2868404.000,3079547.000,2929068.000,2877584.000,2965668.000,3678122.000,1724000.000,1786210.000,1852000.000,1870000.000,1882000.000,2003000.000,1972000.000
ShareBasedCompensation,2092363.000,,,,615619.000,,,,631414.000,,,,680599.000,,,,540986.000,,,,167000.000,,,,105000.000
ShareBasedCompensationArrangementByShareBasedPaymentAwardFairValueAssumptionsExpectedDividendRate,,,,,0.000,0.000,0.000,0.000,,0.000,0.000,,,0.000,0.000,,0.000,,0.000,,0.000,0.000,0.000,0.000,0.000
ShareBasedCompensationArrangementByShareBasedPaymentAwardFairValueAssumptionsExpectedVolatilityRate,,,,,0.636,0.636,0.636,-1.272,,,,,,,,,,,1.577,,0.943,0.985,0.975,,0.975
ShareBasedCompensationArrangementByShareBasedPaymentAwardFairValueAssumptionsExpectedVolatilityRateMaximum,,,,,,,,,,1.245,1.323,,,,,,,,,,,,,,
ShareBasedCompensationArrangementByShareBasedPaymentAwardFairValueAssumptionsExpectedVolatilityRateMinimum,,,,,,,,,,0.779,1.243,,,,,,,,,,,,,,
ShareBasedCompensationArrangementByShareBasedPaymentAwardFairValueAssumptionsRiskFreeInterestRate,,,,,,,,,,,,,,,,,,,0.016,,0.012,,0.011,,0.019
ShareBasedCompensationArrangementByShareBasedPaymentAwardFairValueAssumptionsRiskFreeInterestRateMaximum,,,,,,,,,,0.015,0.017,,,,,,,,,,,0.012,,,
ShareBasedCompensationArrangementByShareBasedPaymentAwardFairValueAssumptionsRiskFreeInterestRateMinimum,,,,,,,,,,0.007,0.013,,,,,,,,,,,0.011,,,
ShareBasedCompensationArrangementByShareBasedPaymentAwardNonOptionEquityInstrumentsExercised,,,,,,,,,198721.000,,,,,,,,,,,,,,,,
ShareBasedCompensationArrangementByShareBasedPaymentAwardOptionsForfeituresAndExpirationsInPeriod,,,,,-22036.000,,,,,,,,,,,,84434.000,,,,64306.000,,,,57000.000
ShareBasedCompensationArrangementByShareBasedPaymentAwardOptionsForfeituresAndExpirationsInPeriodWeightedAverageExercisePrice,,,,,7.500,,,,,,,,,,,,9.390,,,,9.820,,,,2.000
ShareBasedCompensationArrangementByShareBasedPaymentAwardOptionsGrantsInPeriodGross,,,,,70000.000,,,,,,,,,,,,39000.000,,,,45000.000,,,,56000.000
ShareBasedCompensationArrangementByShareBasedPaymentAwardOptionsGrantsInPeriodWeightedAverageGrantDateFairValue,,,,,6.000,6.000,6.000,-11.310,,22.700,14.120,,,7.190,6.770,,5.000,,1.150,,0.390,1.100,1.110,-1.580,0.800
ShareBasedCompensationArrangementsByShareBasedPaymentAwardOptionsExercisesInPeriodWeightedAverageExercisePrice,,,,,0.000,,,,,,,,,,,,6.000,,,,,,,,
ShareBasedCompensationArrangementsByShareBasedPaymentAwardOptionsGrantsInPeriodWeightedAverageExercisePrice,,,,,6.000,,,,,,,,,,,,6.140,,,,0.550,,,,1.110
StockIssued1,,,,,,,,,137778.000,,,,,,,,0.000,,,,,,,,
StockIssuedDuringPeriodSharesIssuedForNoncashConsideration,,,,,,,,,137778.000,,,,,,,,,,,,,,,,
StockIssuedDuringPeriodSharesNewIssues,,,,,0.000,,,,,,,,,,,,,,,,,,,,10530000.000
StockIssuedDuringPeriodSharesOther,,,,,,,,,21622.000,,,,64699.000,,,,,,,,,,,,
StockIssuedDuringPeriodSharesRestrictedStockAwardGross,,,,,,,,,3.000,,,,,,,,27550.000,,,,,,,,
StockIssuedDuringPeriodSharesShareBasedCompensation,,,,,,,,,,,,,35634.000,,,,,,,,,,,,
StockIssuedDuringPeriodSharesStockOptionsExercised,,,,,0.000,,,,371718.000,,,,4000.000,,,,12500.000,,,,,,,,
StockIssuedDuringPeriodValueOther,,,,,,,,,115982.000,,,,,,,,,,,,,,,,
StockIssuedDuringPeriodValueRestrictedStockAwardGross,,,,,,,,,221893.000,,,,119504.000,,,,386757.000,,,,,,,,
StockIssuedDuringPeriodValueStockOptionsExercised,,,,,,,,,2431239.000,,,,28520.000,,,,75000.000,,,,,,,,
WeightedAverageNumberOfDilutedSharesOutstanding,7131890.000,7137041.000,7142307.000,-14272812.000,7142307.000,7142307.000,8596928.000,-14730652.000,12865361.000,11632702.000,12090337.000,-25075404.000,12273772.000,12349047.000,12350697.000,-24642194.000,12363774.000,13418395.000,16595889.000,-25803315.000,35797409.000,39363684.000,45036089.000,-78621398.000,49665275.000
WeightedAverageNumberOfSharesOutstandingBasic,7131890.000,7137041.000,7142307.000,-14272812.000,7142307.000,7142307.000,8596928.000,-14730652.000,10068092.000,11632702.000,12090337.000,-22278135.000,12273772.000,12349047.000,12350697.000,-24642194.000,12363774.000,13418395.000,16595889.000,-25803315.000,35797409.000,39363684.000,45036089.000,-78621398.000,49665275.000
