,2011-06-30,2011-09-30,2012-03-31,2012-06-30,2012-09-30,2012-12-31,2013-03-31,2013-06-30,2013-09-30,2013-12-31,2014-03-31,2014-06-30,2014-09-30,2014-12-31,2015-03-31,2015-06-30,2015-09-30,2015-12-31,2016-03-31,2016-06-30,2016-09-30,2016-12-31,2017-03-31
AdministrativeFeesAmountPaid,,,,344000.000,319000.000,,651000.000,274000.000,278000.000,,,,,,,,,,,,,,
AdministrativeFeesExpense,,,,,,,,,,,399000.000,198000.000,205000.000,205000.000,211000.000,200000.000,173000.000,139000.000,127000.000,128000.000,132000.000,116000.000,150000.000
AmortizationOfDeferredLeasingFees,51000.000,44000.000,35000.000,29000.000,28000.000,19000.000,17000.000,15000.000,14000.000,13000.000,10000.000,8000.000,7000.000,7000.000,6000.000,6000.000,4000.000,2000.000,1000.000,,1000.000,,
AssetImpairmentCharges,,124000.000,,92000.000,338000.000,,20000.000,88000.000,165000.000,311000.000,0.000,4000.000,,,345000.000,,,,,,,,0.000
CapitalLeasesIncomeStatementDirectFinancingLeaseRevenue,1082000.000,1033000.000,880000.000,860000.000,850000.000,821000.000,797000.000,788000.000,766000.000,730000.000,700000.000,656000.000,626000.000,589000.000,550000.000,507000.000,463000.000,419000.000,371000.000,321000.000,234000.000,128000.000,7000.000
CashAndCashEquivalentsPeriodIncreaseDecrease,-686000.000,-5619000.000,1734000.000,2267000.000,-350000.000,3902000.000,-5708000.000,5183000.000,-2304000.000,2672000.000,-2662000.000,1829000.000,-4543000.000,1545000.000,-2668000.000,1490000.000,-943000.000,1504000.000,-1251000.000,2172000.000,225000.000,3504000.000,-2940000.000
ChangeInUnrealizedGainLossOnFairValueHedgingInstruments,-64000.000,-73000.000,-51000.000,-49000.000,-38000.000,-35000.000,-26000.000,-50000.000,,,,,,,,,,,,,,,
CostOfPropertyRepairsAndMaintenance,,,,,,,,,124000.000,,253000.000,96000.000,108000.000,105000.000,89000.000,55000.000,26000.000,30000.000,53000.000,36000.000,28000.000,19000.000,37000.000
CostmethodInvestmentsOtherThanTemporaryImpairment,,,,2000.000,,,,,,,,,,,,,,,,,,,
CostsAndExpenses,,,,,,,,,,,,,,,,,863000.000,,800000.000,769000.000,592000.000,579000.000,714000.000
DistributionMadeToLimitedLiabilityCompanyLLCMemberCashDistributionsDeclared,,,,,,,,,,,,,,,,,,,0.000,3493000.000,,,3493000.000
DistributionMadeToLimitedLiabilityCompanyLLCMemberDistributionsPaidPerUnit,,,,,,,,,,,,0.400,,,,,,,,0.250,,,0.250
DistributionMadeToMemberOrLimitedPartnerDistributionsPaidPerUnit,,,,,,,,0.400,,,,,,,,,,,,,,,
ForeignCurrencyTransactionGainLossBeforeTax,,,,5000.000,44000.000,,9000.000,23000.000,2000.000,-7000.000,1000.000,,1000.000,,,,,,,,,,
GainLossOnDispositionOfAssets,,,,,,,,,,,,,214000.000,,,,,,,,,,
GainLossOnSaleOfDerivatives,,,,,,,,,,,,73000.000,1000.000,,,0.000,0.000,,,,,,
GainLossOnSaleOfSecuritiesNet,37000.000,1000.000,,1000.000,,,,,,,,73000.000,1000.000,,,,,,0.000,0.000,0.000,,0.000
GeneralInsuranceExpense,,,,,,,,,,,,,,,,,,,,,9000.000,,10000.000
ImpairedFinancingReceivableAverageRecordedInvestment,,,,,,,12000.000,,,,,,,,,,,,,,,,
ImpairedFinancingReceivableWithRelatedAllowanceAverageRecordedInvestment,,,,,,,12000.000,,,,,,,,,,,,,,,,
ImpairmentOfInvestments,,,27000.000,2000.000,,,,,,,,0.000,0.000,,,,2000.000,,9000.000,,,,
IncreaseDecreaseDueFromAffiliates,,3000.000,,,,,,,,,,,,,,,,,,,,,
IncreaseDecreaseInAccountsPayableRelatedParties,-122000.000,27000.000,211000.000,40000.000,-145000.000,389000.000,-238000.000,175000.000,-194000.000,151000.000,-179000.000,51000.000,-81000.000,121000.000,-130000.000,37000.000,-73000.000,76000.000,-65000.000,-79000.000,88000.000,-19000.000,62000.000
IncreaseDecreaseInAccountsReceivable,-20000.000,,-165000.000,227000.000,-151000.000,-137000.000,-4000.000,-35000.000,-65000.000,83000.000,-90000.000,-122000.000,-15000.000,96000.000,-33000.000,-56000.000,-34000.000,6000.000,43000.000,-14000.000,-231000.000,-108000.000,-63000.000
IncreaseDecreaseInDeferredRevenue,66000.000,-46000.000,-84000.000,260000.000,-154000.000,-85000.000,-75000.000,-77000.000,37000.000,47000.000,-101000.000,-57000.000,-18000.000,1000.000,,-42000.000,-157000.000,,14000.000,88000.000,-74000.000,-52000.000,31000.000
IncreaseDecreaseInDueFromRelatedParties,,213000.000,,,9000.000,,,,,,,,,,,,,,,,,,
IncreaseDecreaseInFairValueOfInterestRateFairValueHedgingInstruments1,,,,,,,26000.000,50000.000,,,,,,,,,,,,,,,
IncreaseDecreaseInInterestPayableNet,-6000.000,-4000.000,-22000.000,2000.000,-7000.000,-14000.000,-8000.000,-7000.000,-6000.000,-7000.000,-5000.000,-5000.000,-5000.000,-6000.000,-5000.000,-5000.000,-6000.000,-5000.000,-5000.000,-6000.000,-6000.000,-4000.000,
IncreaseDecreaseInOtherAccountsPayable,219000.000,-396000.000,8000.000,-53000.000,130000.000,231000.000,-125000.000,-126000.000,90000.000,-55000.000,-164000.000,-81000.000,21000.000,95000.000,-35000.000,-124000.000,7000.000,-30000.000,73000.000,-49000.000,549000.000,412000.000,-87000.000
IncreaseDecreaseInPrepaidDeferredExpenseAndOtherAssets,-21000.000,15000.000,-11000.000,98000.000,26000.000,-27000.000,-20000.000,-9000.000,27000.000,-9000.000,-10000.000,-8000.000,21000.000,,-9000.000,-8000.000,22000.000,,-9000.000,-8000.000,25000.000,-5000.000,-10000.000
IncreaseDecreaseInSecurityDeposits,,,,,,,,,-52000.000,,,,,,,,,,,,4000.000,,
InterestAndDividendIncomeOperating,34000.000,30000.000,26000.000,20000.000,18000.000,31000.000,16000.000,14000.000,13000.000,11000.000,10000.000,10000.000,8000.000,7000.000,7000.000,5000.000,5000.000,5000.000,,,,,
InterestExpense,576000.000,537000.000,470000.000,427000.000,386000.000,258000.000,306000.000,252000.000,234000.000,214000.000,197000.000,179000.000,163000.000,144000.000,127000.000,110000.000,92000.000,74000.000,57000.000,38000.000,19000.000,8000.000,2000.000
InterestIncomeDomesticDeposits,1000.000,1000.000,,,,,,,,,,,,,,,,,,,,,
InterestIncomeOther,,,,,,,,,,,,,,,,,,,,1000.000,,,
InterestPaid,582000.000,541000.000,492000.000,425000.000,394000.000,271000.000,314000.000,259000.000,240000.000,221000.000,202000.000,184000.000,168000.000,150000.000,132000.000,115000.000,98000.000,79000.000,62000.000,44000.000,25000.000,12000.000,2000.000
LongTermPurchaseCommitmentAmount,,,,,,,,,,,0.000,,,,0.000,,,,0.000,,,,0.000
ManagementFeeExpense,,,,,,,,,,,,,,,,,,,,,,,28000.000
NetCashProvidedByUsedInFinancingActivities,-5997000.000,-5748000.000,-4071000.000,-2296000.000,-6011000.000,-2196000.000,-9487000.000,-1313000.000,-7614000.000,-1314000.000,-7279000.000,-1261000.000,-7291000.000,-1257000.000,-5302000.000,-1102000.000,-3386000.000,,-3757000.000,-1131000.000,-4926000.000,-768000.000,-3837000.000
NetCashProvidedByUsedInFinancingActivitiesContinuingOperations,-5997000.000,-5748000.000,-4071000.000,-2296000.000,-6011000.000,-2196000.000,-9487000.000,-1313000.000,-7614000.000,-1314000.000,-7279000.000,-1261000.000,-7291000.000,-1257000.000,-5302000.000,-1102000.000,-3386000.000,,-3757000.000,-1131000.000,-4926000.000,-768000.000,-3837000.000
NetCashProvidedByUsedInInvestingActivities,1110000.000,-3186000.000,1592000.000,885000.000,1742000.000,2059000.000,1588000.000,3675000.000,2464000.000,1737000.000,3387000.000,1363000.000,1196000.000,1083000.000,1026000.000,1171000.000,1060000.000,,1068000.000,1798000.000,3977000.000,3332000.000,603000.000
NetCashProvidedByUsedInInvestingActivitiesContinuingOperations,1110000.000,-3186000.000,1592000.000,885000.000,1742000.000,2059000.000,1588000.000,3675000.000,2464000.000,1737000.000,3387000.000,1363000.000,1196000.000,1083000.000,1026000.000,1171000.000,1060000.000,,1068000.000,1798000.000,3977000.000,3332000.000,603000.000
NetCashProvidedByUsedInOperatingActivities,4201000.000,3315000.000,4213000.000,3678000.000,3919000.000,4039000.000,2191000.000,2821000.000,2846000.000,2249000.000,1230000.000,1727000.000,1552000.000,1719000.000,1608000.000,1421000.000,1383000.000,,1438000.000,1505000.000,1174000.000,940000.000,294000.000
NetCashProvidedByUsedInOperatingActivitiesContinuingOperations,4201000.000,3315000.000,4213000.000,3678000.000,3919000.000,4039000.000,2191000.000,2821000.000,2846000.000,2249000.000,1230000.000,1727000.000,1552000.000,1719000.000,1608000.000,1421000.000,1383000.000,,1438000.000,1505000.000,1174000.000,940000.000,294000.000
NetIncomeLoss,1309000.000,966000.000,1768000.000,1234000.000,2220000.000,1669000.000,1325000.000,2317000.000,2351000.000,850000.000,1478000.000,1259000.000,961000.000,947000.000,1014000.000,1295000.000,1493000.000,1102000.000,1068000.000,1495000.000,583000.000,522000.000,153000.000
NoninterestExpensePrintingAndFulfillment,,,,,,,,,,,,,,,,,,,,,,,9000.000
NonoperatingIncomeExpense,94000.000,97000.000,34000.000,54000.000,82000.000,36000.000,35000.000,73000.000,2000.000,-7000.000,1000.000,,1000.000,,-2000.000,3000.000,-1000.000,,,,,,
OperatingExpenses,4914000.000,4563000.000,4076000.000,3944000.000,3530000.000,2927000.000,3232000.000,2874000.000,2513000.000,2535000.000,2150000.000,1644000.000,1625000.000,1916000.000,1689000.000,1193000.000,,,,,,,
OperatingLeasesIncomeStatementDepreciationExpenseOnPropertySubjectToOrHeldForLease,3280000.000,3021000.000,2543000.000,2533000.000,2113000.000,1851000.000,1723000.000,1613000.000,1421000.000,1226000.000,1047000.000,920000.000,881000.000,963000.000,657000.000,535000.000,375000.000,348000.000,304000.000,292000.000,283000.000,271000.000,277000.000
OperatingLeasesIncomeStatementLeaseRevenue,4443000.000,4196000.000,4445000.000,4144000.000,4022000.000,3487000.000,3164000.000,3107000.000,2521000.000,2252000.000,1995000.000,1791000.000,1732000.000,1894000.000,1777000.000,1575000.000,1524000.000,1270000.000,1102000.000,1128000.000,427000.000,671000.000,633000.000
OtherCostAndExpenseOperating,211000.000,256000.000,139000.000,142000.000,141000.000,261000.000,268000.000,195000.000,72000.000,-270000.000,72000.000,67000.000,56000.000,57000.000,61000.000,58000.000,57000.000,95000.000,56000.000,39000.000,34000.000,13000.000,36000.000
OtherCostOfServices,15000.000,17000.000,18000.000,14000.000,13000.000,27000.000,23000.000,19000.000,16000.000,17000.000,22000.000,18000.000,13000.000,14000.000,22000.000,17000.000,19000.000,17000.000,31000.000,23000.000,15000.000,33000.000,38000.000
OtherIncome,7000.000,48000.000,58000.000,37000.000,119000.000,39000.000,120000.000,42000.000,523000.000,82000.000,23000.000,20000.000,4000.000,13000.000,118000.000,66000.000,102000.000,25000.000,468000.000,557000.000,50000.000,3000.000,9000.000
ProceedsFromCollectionOfLeaseReceivables,751000.000,463000.000,499000.000,462000.000,514000.000,497000.000,499000.000,467000.000,480000.000,510000.000,558000.000,580000.000,567000.000,591000.000,621000.000,655000.000,683000.000,727000.000,775000.000,821000.000,715000.000,432000.000,7000.000
ProceedsFromCollectionOfNotesReceivable,116000.000,108000.000,99000.000,105000.000,111000.000,97000.000,73000.000,60000.000,61000.000,75000.000,45000.000,46000.000,47000.000,48000.000,35000.000,36000.000,36000.000,225000.000,,,,,
ProceedsFromLinesOfCredit,,,500000.000,,,,,2611000.000,,,,,,,,,,,,,,,
ProceedsFromPaymentsForOtherFinancingActivities,,,,8000.000,,,,,,,,,,,,,,,,,,,
ProceedsFromSaleMaturityAndCollectionsOfInvestments,41000.000,18000.000,,,,,,,,,,,74000.000,,,,,,,,,,
ProfessionalFees,27000.000,27000.000,77000.000,40000.000,37000.000,48000.000,76000.000,19000.000,28000.000,17000.000,73000.000,21000.000,12000.000,12000.000,84000.000,14000.000,13000.000,14000.000,96000.000,13000.000,19000.000,13000.000,66000.000
ProvisionForLoanAndLeaseLosses,-11000.000,7000.000,3000.000,,,,,,,,,,,,,,,,,,,,3000.000
RelatedPartyTransactionExpensesFromTransactionsWithRelatedParty,,,,654000.000,464000.000,,775000.000,631000.000,382000.000,399000.000,487000.000,361000.000,323000.000,510000.000,294000.000,373000.000,249000.000,302000.000,192000.000,246000.000,161000.000,157000.000,178000.000
RepaymentsOfLinesOfCredit,,,500000.000,,,,,,,,,,,,,,,,,,,,
RepaymentsOfOtherDebt,1803000.000,1551000.000,1350000.000,1160000.000,996000.000,852000.000,759000.000,2549000.000,,,,,,,,,,,,,,,
RepaymentsOfSecuredDebt,1173000.000,1176000.000,1302000.000,1144000.000,1239000.000,1335000.000,1176000.000,1375000.000,1572000.000,1397000.000,1237000.000,1261000.000,1249000.000,1257000.000,1148000.000,1102000.000,1120000.000,1137000.000,1114000.000,1131000.000,1150000.000,768000.000,61000.000
Revenues,6129000.000,5432000.000,5810000.000,5124000.000,5668000.000,4560000.000,4522000.000,5118000.000,4862000.000,3392000.000,3627000.000,2903000.000,2585000.000,2866000.000,2705000.000,2485000.000,2357000.000,2125000.000,1868000.000,2264000.000,1175000.000,1101000.000,867000.000
SalesRevenueNet,6122000.000,5384000.000,5752000.000,5087000.000,5549000.000,4521000.000,4402000.000,5076000.000,4339000.000,3310000.000,3604000.000,2883000.000,2581000.000,2853000.000,2587000.000,2419000.000,2255000.000,2100000.000,1400000.000,1707000.000,1125000.000,1098000.000,858000.000
UnrealizedGainLossOnDerivatives,,,,17000.000,,,,,12000.000,,,,,,,,,,-16000.000,,,,
UnrealizedGainLossOnInvestments,,,-27000.000,-2000.000,,,,,,,,,,,,,,,,,,,
UnrealizedGainLossOnSecurities,,,14000.000,,,,,,12000.000,,,,,,,,,,,,,,
ValuationAllowanceForImpairmentOfRecognizedServicingAssetsDisposals,,,,,,,-27000.000,,,,,,,,,,,,,,,,
