,2011-06-30,2011-09-30,2012-03-31,2012-06-30,2012-09-30,2012-12-31,2013-03-31,2013-06-30,2013-09-30,2013-12-31,2014-03-31,2014-06-30,2014-09-30,2014-12-31,2015-03-31,2015-06-30,2015-09-30,2015-12-31,2016-03-31,2016-06-30,2016-09-30,2016-12-31,2017-03-31
AdjustmentsToAdditionalPaidInCapitalConvertibleDebtWithConversionFeature,,,-1175000.000,,,,,,,,,,,,,,,,,,,,
AdjustmentsToAdditionalPaidInCapitalSharebasedCompensationRequisiteServicePeriodRecognitionValue,,,245000.000,,,,47000.000,,,,,,,,,,,,802000.000,,,,
AdjustmentsToAdditionalPaidInCapitalStockIssuedIssuanceCosts,,,-9000.000,,,,,,,,,,,,,,,,,,,,110000.000
AllocatedShareBasedCompensationExpense,,,,,23000.000,,,,,,,1047000.000,,,,850000.000,900000.000,,800000.000,800000.000,400000.000,0.000,300000.000
AllocatedShareBasedCompensationExpenseNetOfTax,,,,159000.000,-9000.000,,47000.000,41000.000,744000.000,,,,,,,,,,,,,,
AmortizationOfDebtDiscountPremium,,,,,,,,,,,90000.000,,,,10000.000,,,,,,,,222000.000
AmortizationOfDeferredCharges,,,,200000.000,100000.000,,100000.000,,,,,,,,,,,,,,,,
AmortizationOfFinancingCostsAndDiscounts,,,135000.000,,,,66000.000,,,,,,,,,,,,165000.000,,,,
AmortizationOfIntangibleAssets,,,,,,,,,,,74000.000,76000.000,,,76000.000,76000000.000,100000.000,-75872000.000,77000.000,100000.000,100000.000,28000.000,77000.000
AntidilutiveSecuritiesExcludedFromComputationOfEarningsPerShareAmount,,,,37730141.000,,,26787041.000,23996903.000,1408754.000,-46994165.000,13353767.000,,,,16334566.000,14247867.000,19195944.000,-30473251.000,19754831.000,20717831.000,18838203.000,-58359718.000,1132517.000
BusinessCombinationBargainPurchaseGainRecognizedAmount,,,,,,,,,6444000.000,,6444000.000,,0.000,,,,,,,,,,
CapitalLeasesContingentRentalPaymentsReceived,,,,,,,,,,,,,22000.000,,,,,,,,,,
CashAndCashEquivalentsPeriodIncreaseDecrease,,,,,,,145000.000,,,,6465000.000,,,,-2749000.000,,,,-3456000.000,,,,-160000.000
ChangeInUnrealizedGainLossOnFairValueHedgingInstruments1,,,,,,,,,,,,,,,,,-141000.000,,-318000.000,-374000.000,-7964000.000,0.000,0.000
ComprehensiveIncomeNetOfTax,,,-3792000.000,3480000.000,-1342000.000,-1098000.000,-1099000.000,-1700000.000,1598000.000,-4559000.000,-4779000.000,260000.000,,,,,,,,,,,
ConversionOfStockAmountConverted1,,,,,,,2000.000,,,,,,,,12000.000,,,,0.000,,,,
ConvertiblePreferredDividendsNetOfTax,,,,-750000.000,-1624000.000,,,0.000,-443000.000,,,,,,,,,,,,,,
CostOfGoodsSold,270000.000,51000.000,1000.000,396000.000,,,143000.000,0.000,,,,,,,,,,,,,,,
CostsAndExpenses,4303000.000,4645000.000,2727000.000,2743000.000,1956000.000,984000.000,1283000.000,1608000.000,2015000.000,4113000.000,2879000.000,3021000.000,6408000.000,4057000.000,3453000.000,2808000.000,3354000.000,6109000.000,4424000.000,2868000.000,3984000.000,15984000.000,2695000.000
CurrentIncomeTaxExpenseBenefit,,,,,,,,,0.000,,,,,,,,,,,,,,
DebtConversionConvertedInstrumentAmount1,,,,,,,,,,,,,,,,,,,60000.000,,,,0.000
DebtIssuanceCosts,,,,,,,,,,,,,,,,,1300000.000,,1300000.000,,,,
DebtIssuanceCostsIncurredDuringNoncashOrPartialNoncashTransaction,,,301000.000,,,,,,,,,,,,,,,,,,,,
DebtRelatedCommitmentFeesAndDebtIssuanceCosts,,,,,,,,,,,,,,,,,,,,,,,1300000.000
Depreciation,,,,17000.000,13000.000,,8000000000.000,12000.000,,,,,,,,,,,,,,,
DepreciationDepletionAndAmortization,,,20000.000,,,,8000.000,,,,95000.000,,,,82000.000,,,,98000.000,,,,95000.000
DividendsPreferredStock,,,,,1200000.000,,,,,,,,,,56000.000,,,,,,,,546000.000
DividendsPreferredStockStock,,,,,,,,,,,,,38000.000,,56000.000,55000.000,7000.000,-118000.000,0.000,0.000,0.000,,
EarningsPerShareBasic,,,,,,,,,0.140,,,-0.030,-0.730,,,,,,,,,,
EarningsPerShareBasicAndDiluted,-0.060,-0.080,-0.060,0.030,-0.030,,,,,,-0.350,-0.030,,,-0.150,-0.120,-0.350,-0.280,-0.170,-0.130,-0.160,-9.120,-0.430
EarningsPerShareDiluted,,,,,,,,,0.110,,,,-0.730,,,,,,,,,,
EffectOfExchangeRateOnCashAndCashEquivalentsContinuingOperations,,,-9000.000,,,,1000.000,,,,,,,,,,,,,,,,
FairValueAssumptionsExpectedDividendRate,,,,,,,0.000,,,,,,,,,,,,,,,,
FairValueAssumptionsExpectedVolatilityRate,,,,,,,1.100,,,,,,,,,,,,,,,,
FairValueAssumptionsRiskFreeInterestRate,,,,,,,0.000,,,,,,,,,,,,,,,,
ForeignCurrencyTransactionGainLossBeforeTax,155000.000,-621000.000,256000.000,-521000.000,207000.000,224000.000,,0.000,,,,,,,,,,,,,,,
GainsLossesOnExtinguishmentOfDebt,,,,,,,,,,,,,,,,,-465000.000,,,,0.000,,
IncomeLossFromContinuingOperationsBeforeIncomeTaxesMinorityInterestAndIncomeLossFromEquityMethodInvestments,-4342000.000,-5396000.000,-3526000.000,2959000.000,-1132000.000,-872000.000,-1095000.000,-1684000.000,1601000.000,-4571000.000,-4779000.000,260000.000,-11941000.000,-7090000.000,-3556000.000,-2876000.000,-4160000.000,-6565000.000,-5132000.000,-3575000.000,-12249000.000,-16561000.000,-3753000.000
IncomeLossFromDiscontinuedOperationsNetOfTaxPerBasicAndDilutedShare,,,,,,,-0.010,-0.010,,,,,,,,,,,,,,,
IncomeTaxExpenseBenefit,,1000.000,2000.000,,,,5000.000,0.000,3000.000,3000.000,,0.000,0.000,,0.000,0.000,0.000,,,81000.000,0.000,,
IncomeTaxesPaid,,,2000.000,,,,-5000.000,,,,,,,,,,,,,,,,
IncreaseDecreaseInAccountsPayable,,,-76000.000,,,,390000.000,,,,-1097000.000,,,,714000.000,,,,507000.000,,,,227000.000
IncreaseDecreaseInAccountsPayableRelatedParties,,,,,,,,,,,-332000.000,,,,0.000,,,,,,,,
IncreaseDecreaseInDerivativeLiabilities,,,,,,,,,,,1683000.000,,,,0.000,,,,318000.000,,,,0.000
IncreaseDecreaseInIntangibleAssetsCurrent,,,,,,,,,,,111000.000,,,,,,,,,,,,
IncreaseDecreaseInInventories,,,14000.000,,,,,,,,,,,,,,,,,,,,
IncreaseDecreaseInOtherAccountsPayable,,,,,,,,,,,2000.000,,,,0.000,,,,,,,,
IncreaseDecreaseInOtherAccruedLiabilities,,,-55000.000,,,,73000.000,,,,-833000.000,,,,-499000.000,,,,-272000.000,,,,-208000.000
IncreaseDecreaseInOtherCurrentAssets,,,,,,,,,,,-62000.000,,,,105000.000,,,,-24000.000,,,,39000.000
IncreaseDecreaseInOtherOperatingAssets,,,,,,,,,,,,,,,111000.000,,,,,,,,
IncreaseDecreaseInOtherOperatingLiabilities,,,-58000.000,,,,,,,,,,,,,,,,,,,,
IncreaseDecreaseInPrepaidDeferredExpenseAndOtherAssets,,,6000.000,,,,7000.000,,,,,,,,,,,,,,,,
IncreaseDecreaseInRestrictedCash,,,,,,,,,,,-112000.000,,,,19000.000,,,,-3000.000,,,,-34000.000
IncrementalCommonSharesAttributableToCallOptionsAndWarrants,,,,,,,,,2252936.000,,,,,,,,,,,,,,
InterestExpense,422000.000,409000.000,363000.000,380000.000,254000.000,202000.000,188000.000,175000.000,44000.000,-102000.000,152000.000,116000.000,102000.000,3034000.000,100000.000,65000.000,197000.000,465000.000,377000.000,334000.000,291000.000,553000.000,1055000.000
InterestExpenseDebt,,,,,,,37000.000,,,,,,,,,,62000.000,,,,100000.000,,
InterestPaid,,,236000.000,,,,-117000.000,,,,132000.000,,,,91000.000,,,,114000.000,,,,91000.000
InvestmentIncomeInterest,4000.000,4000.000,2000.000,1000.000,,,,0.000,,,,,,,,,,,,,,,
LeaseAndRentalExpense,,,,,,,,,,,,,,,61000.000,61000.000,100000.000,178000.000,100000.000,100000.000,100000.000,300000.000,100000.000
LegalFees,,,,,,,,,,,,,,,405000.000,,,,39000.000,0.000,0.000,,
LicenseAndServicesRevenue,,241000.000,,,,,,,,,,,,,,,,,,,,,
LicenseCosts,,,,,,,,,,,,,,,,,,,500000.000,,,,
LicensesRevenue,,,,6025000.000,871000.000,,,,,,,,,,,,,,,,,,
LitigationSettlementAmount,,,,,,,,,,,,,,,195000.000,,,,,,,,
LitigationSettlementExpense,,,,,,,,,,,,,,,,,,,,,,,0.000
NetCashProvidedByUsedInContinuingOperations,,,-1297000.000,,,,,,,,,,,,,,,,,,,,
NetCashProvidedByUsedInFinancingActivities,,,1781000.000,,,,410000.000,,,,9854000.000,,,,-455000.000,,,,8000.000,,,,2721000.000
NetCashProvidedByUsedInFinancingActivitiesContinuingOperations,,,1781000.000,,,,410000.000,,,,9854000.000,,,,-455000.000,,,,8000.000,,,,2721000.000
NetCashProvidedByUsedInInvestingActivities,,,,,,,,,,,-20000.000,,,,-46000.000,,,,-17000.000,,,,12000.000
NetCashProvidedByUsedInInvestingActivitiesContinuingOperations,,,,,,,,,,,-20000.000,,,,-46000.000,,,,-17000.000,,,,12000.000
NetCashProvidedByUsedInOperatingActivities,,,-3069000.000,,,,-454000.000,,,,-3369000.000,,,,-2248000.000,,,,-3447000.000,,,,-2893000.000
NetCashProvidedByUsedInOperatingActivitiesContinuingOperations,,,-3069000.000,,,,-454000.000,,,,-3369000.000,,,,-2248000.000,,,,-3447000.000,,,,-2893000.000
NetIncomeLoss,-4342000.000,,-3528000.000,2959000.000,-1132000.000,-872000.000,-1100000.000,-1684000.000,1598000.000,-4574000.000,-4779000.000,260000.000,-11941000.000,-7090000.000,-3556000.000,-2876000.000,-4160000.000,-6565000.000,-5132000.000,-3656000.000,-12249000.000,-11624000.000,-3753000.000
NetIncomeLossAvailableToCommonStockholdersBasic,,-5397000.000,-4703000.000,2209000.000,-2756000.000,-873000.000,-1100000.000,-1684000.000,1155000.000,-5063000.000,-4779000.000,-412000.000,-12151000.000,-7080000.000,-3612000.000,-2931000.000,-9530000.000,-8043000.000,-6018000.000,-5684000.000,-17308000.000,-11624000.000,-3753000.000
NetIncomeLossAvailableToCommonStockholdersDiluted,,,,2959000.000,,,,-1684000.000,1155000.000,,,,,,,,,,,,,,
NonoperatingIncomeExpense,-263000.000,-1026000.000,-1040000.000,-900000.000,-47000.000,,,,,,,,,,,,,,,,,,
NumberOfReportableSegments,,,,,,,,,,,1.000,,,,,,,,,,,,
OperatingIncomeLoss,-4079000.000,-4370000.000,-2486000.000,3859000.000,-1085000.000,-894000.000,-907000.000,-1509000.000,-1996000.000,-4588000.000,-2877000.000,-3021000.000,-6408000.000,-4057000.000,-3453000.000,-2808000.000,-3354000.000,-6109000.000,-4424000.000,-2868000.000,-3984000.000,-15984000.000,-2695000.000
OtherComprehensiveIncomeForeignCurrencyTransactionAndTranslationAdjustmentNetOfTaxPortionAttributableToParent,,,-264000.000,521000.000,-210000.000,-226000.000,1000.000,-16000.000,,,,,,,,,,,,,,,
OtherComprehensiveIncomeLossNetOfTaxPortionAttributableToParent,,,-264000.000,-521000.000,210000.000,754000.000,1000.000,-16000.000,,,,,,,,,,,,,,,
OtherComprehensiveIncomeLossTax,,,0.000,0.000,0.000,0.000,0.000,0.000,,,,,,,,,,,,,,,
OtherExpenses,,,,,,,188000.000,175000.000,32000.000,-352000.000,67000.000,130000.000,-36000.000,-81000.000,3000.000,3000.000,,,,,,,
OtherNonoperatingExpense,,,,,,,,,,,,,2322000.000,,,,,,,,,,
OtherNonoperatingIncomeExpense,,,,,,,,,,,,,,,,,-3000.000,,-13000.000,1000.000,-10000.000,-24000.000,-3000.000
OtherOperatingIncomeExpenseNet,,,,,,,,,3597000.000,,-1902000.000,3281000.000,-5533000.000,-3033000.000,-103000.000,-68000.000,-806000.000,-456000.000,-708000.000,-707000.000,-8265000.000,-577000.000,-1058000.000
PaymentsOfFinancingCosts,,,,,,,-301000.000,,,,,,,,,,,,,,,,90000.000
PaymentsOfStockIssuanceCosts,,,,,,,,,,,-180000.000,,,,,,,,,,,,
PaymentsToAcquireIntangibleAssets,,,,,,,,,,,112000.000,,,,0.000,,,,,,,,
PaymentsToAcquirePropertyPlantAndEquipment,,,,,,,,,,,20000.000,,,,27000.000,,,,20000.000,,,,22000.000
PreferredStockDividendRatePercentage,,,,,,,0.000,,,,,,,,,,,,0.080,,,,
PreferredStockDividendsShares,,,,,,,,,,,,,,,205461.000,,,,,,,,
ProceedsFromIssuanceOfCommonStock,,,,,,,410000.000,,,,,,,,,,,,,,,,
ProceedsFromIssuanceOfDebt,,,,,,,,,,,269000.000,,,,0.000,,,,,,,,
ProceedsFromIssuanceOfPreferredStockAndPreferenceStock,,,,,,,,,,,10171000.000,,,,0.000,,,,,,,,
ProceedsFromIssuanceOfWarrants,,,,,,,,,,,,,,,37000.000,,,,8000.000,,,,
ProceedsFromOtherEquity,,,,,,,,,,,,,,,,,,,,,,,4910000.000
ProceedsFromStockOptionsExercised,,,,,,,,,,,,,,,,,,,,,,,0.000
RecognitionOfDeferredRevenue,,,223000.000,,,,74000.000,,,,,,,,,,,,,,,,
RepaymentsOfConvertibleDebt,,,,,,,,,,,,,,,,,,,,,,,1350000.000
RepaymentsOfDebtAndCapitalLeaseObligations,,,,,,,,,,,,,,,,,,,,,,,9000.000
RepaymentsOfLongTermDebt,,,863000.000,,,,,,,,86000.000,,,,492000.000,,,,0.000,,,,
RepaymentsOfShortTermDebt,,,,,,,,,,,,,,,,,,,,,,,432000.000
ResearchAndDevelopmentExpense,1991000.000,2617000.000,1296000.000,963000.000,1104000.000,37000.000,330000.000,681000.000,1007000.000,1553000.000,338000.000,986000.000,2690000.000,1626000.000,1150000.000,1126000.000,1127000.000,2532000.000,2011000.000,1945000.000,2338000.000,2039000.000,1028000.000
Revenues,224000.000,275000.000,241000.000,6602000.000,871000.000,90000.000,93000.000,99000.000,19000.000,-192000.000,2000.000,0.000,0.000,0.000,0.000,0.000,0.000,0.000,0.000,0.000,0.000,,0.000
SalesRevenueGoodsNet,1000.000,34000.000,,577000.000,,,283000.000,0.000,,,,,,,,,,,,,,,
SalesRevenueNet,224000.000,275000.000,241000.000,6602000.000,871000.000,90000.000,376000.000,99000.000,19000.000,-192000.000,2000.000,0.000,0.000,0.000,0.000,0.000,0.000,0.000,0.000,0.000,0.000,,0.000
SellingGeneralAndAdministrativeExpense,2042000.000,1977000.000,1430000.000,1384000.000,852000.000,941000.000,810000.000,927000.000,1008000.000,2703000.000,2541000.000,2035000.000,3718000.000,2431000.000,2303000.000,1682000.000,2227000.000,3577000.000,2413000.000,923000.000,1646000.000,1445000.000,1667000.000
ShareBasedCompensation,,,245000.000,,,,47000.000,,,,1864000.000,,,,,,,,845000.000,,,,263000.000
ShareBasedCompensationArrangementByShareBasedPaymentAwardNonOptionEquityInstrumentsExercised,,,,,,,,,,,,,,,373896.000,,,,,,,,
ShareBasedCompensationArrangementByShareBasedPaymentAwardNonOptionEquityInstrumentsExpirations,,,,,,,,,,,,,,,0.000,,,,,,,,
ShareBasedCompensationArrangementByShareBasedPaymentAwardNonOptionEquityInstrumentsForfeitures,,,,,,,,,,,,,,,92368.000,,,,,,,,
ShareBasedCompensationArrangementByShareBasedPaymentAwardNonOptionEquityInstrumentsGranted,,,,,,,,,,,,,,,355562.000,,,,,,,,
ShareBasedCompensationArrangementByShareBasedPaymentAwardOptionsExpirationsInPeriod,,,,,,,-208500.000,,,,,,,,,,,,,,,,
ShareBasedCompensationArrangementByShareBasedPaymentAwardOptionsForfeituresInPeriod,,,,,,,-44375.000,,,,,,,,,,,,,,,,
ShareBasedCompensationArrangementByShareBasedPaymentAwardPlanModificationIncrementalCompensationCost,,,,,,,900000.000,,,,,,,,,,,,,,,,
ShareBasedCompensationArrangementsByShareBasedPaymentAwardOptionsExercisesInPeriodWeightedAverageExercisePrice,,,,,,,,,,,,,,,1.840,,,,,,,,
ShareBasedCompensationArrangementsByShareBasedPaymentAwardOptionsExpirationsInPeriodWeightedAverageExercisePrice,,,,,,,2.780,,,,,,,,0.000,,,,,,,,
ShareBasedCompensationArrangementsByShareBasedPaymentAwardOptionsForfeituresInPeriodWeightedAverageExercisePrice,,,,,,,4.620,,,,,,,,0.000,,,,,,,,
ShareBasedCompensationArrangementsByShareBasedPaymentAwardOptionsGrantsInPeriodWeightedAverageExercisePrice,,,,,,,,,,,,,,,1.860,,,,,,,,
StockGrantedDuringPeriodValueSharebasedCompensation,,,,,,,,,,,,,,,690000.000,,,,,,,,
StockIssued1,,,1000.000,,,,,,,,,,,,2000.000,,,,0.000,,,,14000.000
StockIssuedDuringPeriodSharesNewIssues,,,,,,,,,,,,,,,,,763189.000,,,,,,
StockIssuedDuringPeriodValueConversionOfConvertibleSecurities,,,,,,,,,,,,,,,0.000,,,,792000.000,,,,
StockIssuedDuringPeriodValueOther,,,,,,,,,,,,,,,,,,,,,,,4014000.000
StockIssuedDuringPeriodValueRestrictedStockAwardNetOfForfeitures,,,,,,,,,,,,,,,,,,,,,,,238000.000
StockIssuedDuringPeriodValueShareBasedCompensation,,,,,,,,,,,,,,,762000.000,,,,,,,,
StockIssuedDuringPeriodValueStockOptionsExercised,,,,,,,,,,,,,,,37000.000,,,,8000.000,,,,
StockOptionPlanExpense,,,,,,,,,,,,,,,309000.000,,,,,,,,
WeightedAverageNumberOfDilutedSharesOutstanding,,71003667.000,77056424.000,91591893.000,,,,113639424.000,10308296.000,,,,16708396.000,,,,,,,,,,
WeightedAverageNumberOfShareOutstandingBasicAndDiluted,,,,,84618394.000,,106638450.000,,,,13515828.000,14470523.000,,,24320372.000,24722980.000,27418854.000,-49720814.000,34526100.000,42757932.000,110267239.000,-183311196.000,8799077.000
WeightedAverageNumberOfSharesOutstandingBasic,,71003667.000,77056424.000,83772960.000,,,,113639424.000,8055360.000,,,14470523.000,16708396.000,,,24772980.000,27418854.000,,,,,,
