,2011-07-02,2011-10-01,2012-03-31,2012-06-30,2012-09-29,2012-12-31,2013-03-30,2013-06-29,2013-09-28,2014-03-29,2014-06-28,2014-09-27,2015-03-28,2015-06-27,2015-09-26,2016-04-02,2016-07-02
AdjustmentForAmortization,,,,,,,,,,13600000.000,,,16300000.000,,,17100000.000,
AdjustmentsToReconcileNetIncomeLossToCashProvidedByUsedInOperatingActivities,,,45500000.000,,,,600000.000,,,-43800000.000,,,-41400000.000,,,-11100000.000,
AmortizationOfIntangibleAssets,10900000.000,11100000.000,11000000.000,11000000.000,11000000.000,11300000.000,11300000.000,13600000.000,13200000.000,13600000.000,15200000.000,14900000.000,15800000.000,16100000.000,17100000.000,17100000.000,17500000.000
AntidilutiveSecuritiesExcludedFromComputationOfEarningsPerShareAmount,,,,1029926.000,1150468.000,,1877996.000,478073.000,479168.000,1677626.000,1708219.000,420717.000,906248.000,914639.000,906092.000,649581.000,688929.000
AssetImpairmentCharges,,,,,,,,,,200000.000,80400000.000,0.000,,1200000.000,0.000,,
BusinessCombinationContingentConsiderationArrangementsChangeInAmountOfContingentConsiderationLiability1,,,,,,,,,,,,,,,,200000.000,
CashAndCashEquivalentsPeriodIncreaseDecrease,,,14200000.000,,,,56700000.000,,,-29800000.000,,,-14700000.000,,,3900000.000,
ComprehensiveIncomeNetOfTaxIncludingPortionAttributableToNoncontrollingInterest,,,700000.000,16000000.000,7000000.000,-15700000.000,-18100000.000,9900000.000,7000000.000,-11100000.000,-44400000.000,800000.000,-20000000.000,400000.000,-18100000.000,4600000.000,15500000.000
ConstructionInProgressExpendituresIncurredButNotYetPaid,,,,,,,,,15500000.000,,,,,,,,
CostOfGoodsSold,412100000.000,409600000.000,376800000.000,431900000.000,399000000.000,353200000.000,377600000.000,441600000.000,414100000.000,393200000.000,508800000.000,452900000.000,405900000.000,505800000.000,442500000.000,426400000.000,472500000.000
CostsAndExpenses,544100000.000,537800000.000,497900000.000,,,,,,,,,,,,,585000000.000,632300000.000
DebtInstrumentIncreaseAdditionalBorrowings,,,-1600000.000,,,,,,,,,,,,,,
DeferredFederalIncomeTaxExpenseBenefit,,,-1800000.000,,,,-4500000.000,,,-5600000.000,,,-11200000.000,,,200000.000,
Depreciation,,,,,,,,,,9900000.000,,,12400000.000,,,11500000.000,
DepreciationDepletionAndAmortization,,,20300000.000,,,,20500000.000,,,,,,,,,,
EarningsPerShareBasic,-2.110,-0.140,-0.080,1.220,0.310,-0.820,-0.980,0.750,0.270,-0.550,-2.970,0.290,-0.870,-0.140,-0.900,0.160,1.150
EarningsPerShareDiluted,-2.110,-0.140,-0.080,1.190,0.300,-0.800,-0.980,0.730,0.270,-0.550,-2.970,0.290,-0.870,-0.140,-0.900,0.160,1.140
EffectiveIncomeTaxRateContinuingOperations,,,,,,,0.245,,,0.259,,,0.287,,,0.500,
EffectiveIncomeTaxRateReconciliationAtFederalStatutoryIncomeTaxRate,,,,,,,0.350,,,0.350,,,0.350,,,0.350,
EmployeeServiceShareBasedCompensationTaxBenefitFromCompensationExpense,,,,,,,,,,6700000.000,,,,,,,
GainLossOnDispositionOfAssets1,,,,,,,,,,,,,,,-2900000.000,,
GainLossOnSaleOfPropertyPlantEquipment,,,100000.000,,,,0.000,,,200000.000,,,0.000,,,,
GainsLossesOnExtinguishmentOfDebt,-33800000.000,,,0.000,0.000,,,,,,-1800000.000,-500000.000,,-14800000.000,0.000,,0.000
GoodwillImpairmentLoss,,,,,,,,,,,-4400000.000,,0.000,,,0.000,
GoodwillPeriodIncreaseDecrease,,,,,,,,,,,,,25200000.000,,,0.000,
GoodwillPurchaseAccountingAdjustments,,,,,,,1700000.000,,,0.000,,,25200000.000,,,0.000,
GrossProfit,,,,183800000.000,158400000.000,,141500000.000,189100000.000,175100000.000,156900000.000,209800000.000,190000000.000,166800000.000,198100000.000,176000000.000,,
IncomeLossFromContinuingOperationsBeforeIncomeTaxesExtraordinaryItemsNoncontrollingInterest,,,,29800000.000,10200000.000,,-20000000.000,15700000.000,7700000.000,-11600000.000,-60500000.000,5600000.000,-19500000.000,-5000000.000,-9100000.000,5200000.000,29400000.000
IncomeLossFromContinuingOperationsBeforeIncomeTaxesMinorityInterestAndIncomeLossFromEquityMethodInvestments,-40000000.000,-10600000.000,400000.000,29800000.000,10200000.000,-15600000.000,-20000000.000,15700000.000,7700000.000,-11600000.000,-60500000.000,5600000.000,-19500000.000,-5000000.000,-9100000.000,5200000.000,29400000.000
IncomeLossFromEquityMethodInvestments,,,,0.000,0.000,,0.000,0.000,0.000,0.000,0.000,0.000,0.000,0.000,0.000,0.000,0.000
IncomeTaxExpenseBenefit,-8100000.000,-8500000.000,1600000.000,11300000.000,5500000.000,-3100000.000,-4900000.000,4200000.000,3500000.000,-3000000.000,-14300000.000,1000000.000,-5600000.000,-2700000.000,5300000.000,2600000.000,11000000.000
IncomeTaxesPaidNet,,,1600000.000,,,,3300000.000,,,500000.000,,,1800000.000,,,4300000.000,
IncreaseDecreaseInAccountsPayable,,,23700000.000,,,,10600000.000,,,57100000.000,,,-6700000.000,,,-6500000.000,
IncreaseDecreaseInAccountsReceivable,,,6300000.000,,,,35400000.000,,,54200000.000,,,25300000.000,,,-4600000.000,
IncreaseDecreaseInAccruedLiabilities,,,4100000.000,,,,18300000.000,,,-7100000.000,,,19700000.000,,,-6300000.000,
IncreaseDecreaseInInventories,,,1400000.000,,,,13700000.000,,,62900000.000,,,40200000.000,,,29100000.000,
IncreaseDecreaseInMarketableSecuritiesRestricted,,,-100000.000,,,,-100000.000,,,0.000,,,-100000.000,,,,
IncreaseDecreaseInOtherOperatingCapitalNet,,,0.000,,,,900000.000,,,-300000.000,,,7700000.000,,,2300000.000,
IncreaseDecreaseInPrepaidDeferredExpenseAndOtherAssets,,,-4700000.000,,,,-2500000.000,,,-2900000.000,,,1200000.000,,,3600000.000,
InterestExpense,27100000.000,24600000.000,24500000.000,24000000.000,23700000.000,24300000.000,24600000.000,24800000.000,24800000.000,24100000.000,,,,,,,
InterestIncomeExpenseNet,,,,,,,,,,,-26600000.000,-27300000.000,-27200000.000,-24900000.000,-24000000.000,-23700000.000,-23400000.000
InterestPaid,,,5800000.000,,,,2400000.000,,,1700000.000,,,1500000.000,,,7000000.000,
InvestmentIncomeInterest,100000.000,0.000,,100000.000,100000.000,,,100000.000,0.000,,,,,,,,
NetCashProvidedByUsedInFinancingActivities,,,-27100000.000,,,,82600000.000,,,29800000.000,,,102200000.000,,,17700000.000,
NetCashProvidedByUsedInFinancingActivitiesContinuingOperations,,,-27100000.000,,,,82600000.000,,,29800000.000,,,102200000.000,,,17700000.000,
NetCashProvidedByUsedInInvestingActivities,,,-3000000.000,,,,-11400000.000,,,-7200000.000,,,-61600000.000,,,-5300000.000,
NetCashProvidedByUsedInInvestingActivitiesContinuingOperations,,,-3000000.000,,,,-11400000.000,,,-7200000.000,,,-61600000.000,,,-5300000.000,
NetCashProvidedByUsedInOperatingActivities,,,44300000.000,,,,-14500000.000,,,-52400000.000,,,-55300000.000,,,-8500000.000,
NetCashProvidedByUsedInOperatingActivitiesContinuingOperations,,,44300000.000,,,,-14500000.000,,,-52400000.000,,,-55300000.000,,,-8500000.000,
OperatingIncomeLoss,20800000.000,14000000.000,24900000.000,53700000.000,33800000.000,15200000.000,4600000.000,40400000.000,32500000.000,12500000.000,-32100000.000,33400000.000,7700000.000,34700000.000,14900000.000,28900000.000,52800000.000
OtherComprehensiveIncomeDefinedBenefitPlanNetPriorServiceCostCreditArisingDuringPeriodBeforeTax,,,,,,,-200000.000,-300000.000,-200000.000,0.000,0.000,,,,,,
OtherComprehensiveIncomeDefinedBenefitPlanNetPriorServiceCostsCreditArisingDuringPeriodNetOfTax,,,,,,,,,,,,0.000,-400000.000,-300000.000,-400000.000,-300000.000,-100000.000
OtherComprehensiveIncomeDefinedBenefitPlansAdjustmentNetOfTaxPeriodIncreaseDecrease,,,100000.000,,,,,,,,,,,,,,
OtherComprehensiveIncomeForeignCurrencyTransactionAndTranslationAdjustmentNetOfTaxPeriodIncreaseDecrease,,,1800000.000,,,,,,,,,,,,,,
OtherComprehensiveIncomeLossBeforeReclassificationsNetOfTax,,,,,,,,-1900000.000,2600000.000,-2500000.000,1800000.000,-3800000.000,-6500000.000,2400000.000,,,
OtherComprehensiveIncomeLossForeignCurrencyTransactionAndTranslationAdjustmentNetOfTax,,,,-2500000.000,1900000.000,,-3500000.000,-1800000.000,2900000.000,-2500000.000,2100000.000,-4400000.000,-6100000.000,2300000.000,-4000000.000,2200000.000,-3100000.000
OtherComprehensiveIncomeLossNetOfTax,,,,,,,-3000000.000,-1600000.000,2800000.000,-2500000.000,1800000.000,-3800000.000,-6100000.000,2700000.000,-3700000.000,2000000.000,-2900000.000
OtherComprehensiveIncomeLossNetOfTaxPortionAttributableToParent,,,,,,,-3000000.000,,,,,,,,,,
OtherComprehensiveIncomeLossPensionAndOtherPostretirementBenefitPlansAdjustmentNetOfTax,,,,0.000,-400000.000,,-500000.000,-200000.000,100000.000,0.000,300000.000,-600000.000,0.000,-400000.000,-300000.000,200000.000,-200000.000
OtherComprehensiveIncomeLossPensionAndOtherPostretirementBenefitPlansTax,,,,,,,0.000,0.000,,,,,-300000.000,100000.000,-100000.000,-300000.000,-100000.000
OtherNoncashIncomeExpense,,,-1800000.000,,,,-600000.000,,,-500000.000,,,-600000.000,,,-800000.000,
OtherNonrecurringIncome,,,,,,,,,,,,,,,,,2000000.000
PaymentsForProceedsFromOtherInvestingActivities,,,100000.000,,,,800000.000,,,600000.000,,,-100000.000,,,-200000.000,
PaymentsRelatedToTaxWithholdingForShareBasedCompensation,,,,,,,1600000.000,,,4000000.000,,,1800000.000,,,400000.000,
PaymentsToAcquireBusinessesNetOfCashAcquired,,,0.000,,,,900000.000,,,0.000,,,51800000.000,,,0.000,
PaymentsToAcquireInterestInJointVenture,,,0.000,,,,,,,,,,,,,,
PaymentsToAcquirePropertyPlantAndEquipment,,,4500000.000,,,,9800000.000,,,7900000.000,,,10100000.000,,,7900000.000,
PensionAndOtherPostretirementBenefitExpense,,,,2400000.000,2400000.000,,2200000.000,2100000.000,1900000.000,2800000.000,2700000.000,2400000.000,3100000.000,2800000.000,2600000.000,3000000.000,2000000.000
ProceedsFromIssuanceOfDebt,,,,,,,85800000.000,,,40700000.000,,,155600000.000,,,118600000.000,
ProceedsFromPaymentsForOtherFinancingActivities,,,0.000,,,,,,,-300000.000,,,0.000,,,,
ProceedsFromSaleOfPropertyPlantAndEquipment,,,1500000.000,,,,0.000,,,1300000.000,,,100000.000,,,2400000.000,
ProfessionalFees,,,,,,,,,,,,,1000000.000,400000.000,400000.000,,
ProfitLoss,-31900000.000,-2100000.000,-1200000.000,18500000.000,4700000.000,-12500000.000,-15100000.000,11500000.000,4200000.000,-8600000.000,-46200000.000,4600000.000,-13900000.000,-2300000.000,-14400000.000,2600000.000,18400000.000
ReclassificationFromAccumulatedOtherComprehensiveIncomeCurrentPeriodNetOfTax,,,,,,,,-300000.000,-200000.000,0.000,0.000,0.000,-400000.000,-300000.000,,,
RepaymentsOfDebt,,,28700000.000,,,,1600000.000,,,6600000.000,,,51600000.000,,,100500000.000,
RestrictedStockValueSharesIssuedNetOfTaxWithholdings,,,0.000,,,,,,,,,,,,,,
RestructuringCharges,,,,,,,7300000.000,4100000.000,2700000.000,,,,,,,,
Revenues,564900000.000,551800000.000,522800000.000,615700000.000,557400000.000,505400000.000,519100000.000,630700000.000,589200000.000,550100000.000,718600000.000,642900000.000,572700000.000,703900000.000,618500000.000,613900000.000,685100000.000
SalesRevenueNet,564900000.000,551800000.000,522800000.000,615700000.000,557400000.000,505400000.000,519100000.000,630700000.000,589200000.000,550100000.000,718600000.000,642900000.000,572700000.000,703900000.000,618500000.000,613900000.000,685100000.000
SellingGeneralAndAdministrativeExpense,121100000.000,117100000.000,110100000.000,119100000.000,113600000.000,125700000.000,125600000.000,135100000.000,129400000.000,130800000.000,146300000.000,141700000.000,143300000.000,146100000.000,141100000.000,141500000.000,142300000.000
ShareBasedCompensation,,,500000.000,,,,2600000.000,,,1700000.000,,,1900000.000,,,2300000.000,
StandardProductWarrantyAccrualPayments,,,,7100000.000,7400000.000,,5000000.000,7000000.000,10300000.000,6700000.000,6400000.000,6500000.000,6100000.000,6700000.000,6400000.000,6600000.000,6700000.000
StandardProductWarrantyAccrualWarrantiesIssued,,,,8000000.000,7400000.000,,4800000.000,9700000.000,11200000.000,5800000.000,6000000.000,3800000.000,6400000.000,5200000.000,5400000.000,5900000.000,5900000.000
StockIssuedDuringPeriodSharesRestrictedStockAwardNetOfForfeitures,,,,,16865.000,,,,,,,,,,,,
StockIssuedDuringPeriodSharesStockOptionsExercised,,,,7214.000,3000.000,,14847.000,,,,,,,,,,
TranslationAdjustmentFunctionalToReportingCurrencyIncreaseDecreaseGrossOfTax,,,,,,,,,,,,,,,,-1500000.000,
TreasuryStockSharesAcquired,,,,,4136.000,,,,,,,,,,,,
UnrecognizedTaxBenefitsReductionsResultingFromLapseOfApplicableStatuteOfLimitations,,,,,,,,,,,,1400000.000,,,,,
WeightedAverageNumberDilutedSharesOutstandingAdjustment,,,,388942.000,352794.000,,0.000,485188.000,462376.000,0.000,0.000,428098.000,0.000,0.000,0.000,108481.000,177148.000
WeightedAverageNumberOfDilutedSharesOutstanding,15127265.000,15128246.000,15130272.000,15522641.000,15505573.000,-30627281.000,15331415.000,15849867.000,15848976.000,15496151.000,15557173.000,16099917.000,15909464.000,15953059.000,15953891.000,16092298.000,16184094.000
WeightedAverageNumberOfSharesOutstandingBasic,15127265.000,15128246.000,15130272.000,15133699.000,15152779.000,-30264464.000,15331415.000,15364679.000,15386600.000,15496151.000,15557173.000,15671819.000,15909464.000,15953059.000,15953891.000,15983817.000,16006946.000
