,2011-06-30,2011-09-30,2012-03-31,2012-06-30,2012-09-30,2012-12-31,2013-03-31,2013-06-30,2013-09-30,2013-12-31,2014-03-31,2014-06-30,2014-09-30,2014-12-31,2015-03-31
AdjustmentForAmortization,407439.000,780550.000,1438800.000,1881796.000,2124723.000,2249853.000,2830850.000,2738498.000,2854382.000,2868329.000,2759098.000,2987482.000,3068347.000,3167393.000,2879842.000
AdjustmentsToAdditionalPaidInCapitalStockIssuedIssuanceCosts,,,1097216.000,,,,808173.000,,,,97.000,,,,
AmortizationOfIntangibleAssets,,,1907168.000,,,,3555428.000,,,,3478886.000,,,,3686752.000
BusinessCombinationAcquisitionRelatedCosts,1526728.000,1512112.000,2075984.000,1322738.000,1309232.000,1204348.000,849894.000,673233.000,74930.000,76037.000,0.000,0.000,0.000,0.000,
CashAndCashEquivalentsPeriodIncreaseDecrease,,,393600.000,,,,-8185131.000,,,,-422797.000,,,,-128004.000
CommonStockDividendsPerShareDeclared,,,0.370,,,,0.370,,,,0.380,,,,0.380
ComprehensiveIncomeNetOfTax,,,,,-2720086.000,,-745995.000,679556.000,-278921.000,348719.000,1674811.000,1290267.000,1851393.000,940470.000,424131.000
ContributionOfProperty,,,,,,,,,,,,,,,160000.000
CostsAndExpenses,4864581.000,,,,,,,,,,,,,,
Depreciation,805102.000,1351492.000,2391554.000,3039506.000,3401365.000,3590481.000,4299420.000,4431200.000,4508784.000,4529139.000,4448170.000,4569573.000,4686089.000,4851587.000,4595705.000
DirectCostsOfLeasedAndRentedPropertyOrEquipment,1322092.000,1966072.000,2859540.000,3604821.000,4435097.000,3987592.000,5608852.000,5635169.000,5711878.000,6513201.000,6403750.000,6193327.000,6576340.000,6748764.000,6647708.000
Dividends,,,3773728.000,,,,6837900.000,,,,7646192.000,,,,7677386.000
EarningsPerShareBasicAndDiluted,-0.650,-0.490,-0.270,-0.160,-0.170,-0.030,-0.050,-0.030,0.010,0.020,0.080,0.080,0.070,0.070,0.040
GeneralAndAdministrativeExpense,581675.000,923832.000,966762.000,1078189.000,1366301.000,1402894.000,1353553.000,1278578.000,477548.000,690775.000,1579128.000,1565255.000,2146489.000,2606810.000,1681513.000
IncomeLossFromContinuingOperationsBeforeIncomeTaxesMinorityInterestAndIncomeLossFromEquityMethodInvestments,-2030495.000,-2616155.000,-2652122.000,-1973100.000,-2408440.000,-1276545.000,-788621.000,-518758.000,301900.000,215900.000,1714887.000,1723285.000,1509586.000,1261591.000,931189.000
IncomeTaxExpenseBenefit,17811.000,24207.000,45079.000,48343.000,46299.000,34595.000,51605.000,47812.000,57223.000,46913.000,35068.000,26075.000,57541.000,39184.000,41090.000
IncreaseDecreaseInAccountsPayableAndAccruedLiabilities,,,-1509011.000,,,,-1858991.000,,,,-1613791.000,,,,-2388800.000
IncreaseDecreaseInAccountsReceivable,,,229614.000,,,,632794.000,,,,20389.000,,,,122589.000
IncreaseDecreaseInDeferredRentReceivables,,,729928.000,,,,,,,,,,,,
IncreaseDecreaseInDeferredRevenue,,,711438.000,,,,553527.000,,,,-70426.000,,,,40265.000
IncreaseDecreaseInDueToRelatedParties,,,-172449.000,,,,-140159.000,,,,0.000,,,,
IncreaseDecreaseInLeaseAcquisitionCosts,,,573197.000,,,,93679.000,,,,50159.000,,,,1802295.000
IncreaseDecreaseInPrepaidDeferredExpenseAndOtherAssets,,,426265.000,,,,284950.000,,,,12932.000,,,,250591.000
InterestAndOtherIncome,2639.000,274.000,43.000,-24.000,128.000,73131.000,1725098.000,1725122.000,1725136.000,1725098.000,1730157.000,1725209.000,1757100.000,1724971.000,1725098.000
InterestCostsCapitalized,,,,,,,0.000,,,,0.000,,,,0.000
InterestExpense,581108.000,1272977.000,1616681.000,1734505.000,2100360.000,1256531.000,3208117.000,3077691.000,3042384.000,3118593.000,3091152.000,3095550.000,3065581.000,3004323.000,2989206.000
InterestPaid,,,,1491250.000,1501813.000,,1169504.000,1159853.000,991454.000,984692.000,900114.000,975098.000,925864.000,858167.000,843273.000
NetCashProvidedByUsedInFinancingActivities,,,92840199.000,,,,-6382771.000,,,,-7978188.000,,,,-4427386.000
NetCashProvidedByUsedInFinancingActivitiesContinuingOperations,,,92840199.000,,,,-6382771.000,,,,-7978188.000,,,,-4427386.000
NetCashProvidedByUsedInInvestingActivities,,,-92151797.000,,,,-4761508.000,,,,-73015.000,,,,-1855168.000
NetCashProvidedByUsedInInvestingActivitiesContinuingOperations,,,-92151797.000,,,,-4761508.000,,,,-73015.000,,,,-1855168.000
NetCashProvidedByUsedInOperatingActivities,,,-294802.000,,,,2959148.000,,,,7628406.000,,,,6154550.000
NetCashProvidedByUsedInOperatingActivitiesContinuingOperations,,,-294802.000,,,,2959148.000,,,,7628406.000,,,,6154550.000
NetIncomeLoss,-2048306.000,-2640362.000,-2697201.000,-2021443.000,-2454739.000,-1311140.000,-840226.000,-566570.000,244677.000,168987.000,1679819.000,1697210.000,1452045.000,1222407.000,890099.000
NoncashOrPartNoncashAcquisitionOtherLiabilitiesAssumed1,,,,,,,0.000,,,,,,,,
NonoperatingIncomeExpense,-578469.000,-1272703.000,-1616638.000,-1734529.000,-2100232.000,-1183400.000,-1483019.000,-1352569.000,-1317248.000,-1393495.000,-1360995.000,-1370341.000,-1308481.000,-1279352.000,-1264108.000
OperatingExpenses,,7001970.000,10491429.000,11919560.000,13686248.000,13589286.000,16354258.000,16311001.000,15397111.000,16448427.000,15465093.000,15558087.000,16743530.000,17641792.000,16057952.000
OperatingIncomeLoss,-1452026.000,-1343452.000,-1035484.000,-238571.000,-308208.000,-93145.000,694398.000,833811.000,1619148.000,1609395.000,3075882.000,3093626.000,2818067.000,2540943.000,2195297.000
OperatingLeasesIncomeStatementLeaseRevenue,2421366.000,4292446.000,7370231.000,9537441.000,10427449.000,10864321.000,13263594.000,13284921.000,13219585.000,13255614.000,13350268.000,13173677.000,13108131.000,13057354.000,12354063.000
OtherComprehensiveIncomeLossDerivativesQualifyingAsHedgesNetOfTax,,,,,-265347.000,,94231.000,1246126.000,-523598.000,179732.000,-5008.000,-406943.000,399348.000,-281937.000,-465968.000
OtherNoncashIncome,,,,,,,,,,,,,,,160000.000
OtherRealEstateRevenue,,,,39714.000,0.000,,,0.000,32755.000,,29168.000,319973.000,730829.000,1408573.000,433207.000
OwnedPropertyManagementCosts,31238.000,58673.000,44279.000,80594.000,102237.000,127780.000,163604.000,334225.000,256330.000,257246.000,274947.000,242450.000,266265.000,267238.000,253184.000
PaymentsForCapitalImprovements,,,,,,,4667829.000,,,,22856.000,,,,52873.000
PaymentsForRepurchaseOfCommonStock,,,707161.000,,,,725584.000,,,,2567757.000,,,,0.000
PaymentsOfDividends,,,1948046.000,,,,3484709.000,,,,3910334.000,,,,7677386.000
PaymentsOfFinancingCosts,,,0.000,,,,,,,,,,,,
PaymentsOfStockIssuanceCosts,,,1111646.000,,,,856894.000,,,,97.000,,,,0.000
PaymentsToAcquireAndDevelopRealEstate,,,91578600.000,,,,,,,,,,,,
PaymentsToAcquireRealEstate,,,,,,,0.000,,,,,,,,
ProceedsFromIssuanceOfCommonStock,,,56542019.000,,,,40408669.000,,,,3735858.000,,,,0.000
ProceedsFromNotesPayable,,,88531984.000,,,,3500000.000,,,,750000.000,,,,4250000.000
RelatedPartyTransactionExpensesFromTransactionsWithRelatedParty,,,,10065997.000,8807328.000,,7281397.000,6186682.000,1586515.000,1557329.000,167457.000,167457.000,28604.000,0.000,0.000
RepaymentsOfNotesPayable,,,41668204.000,,,,38500000.000,,,,2250000.000,,,,1000000.000
Revenues,3412555.000,5658518.000,9455945.000,11680989.000,13378040.000,13496141.000,17048656.000,17144812.000,17016259.000,18057822.000,18540975.000,18651713.000,19561597.000,20182735.000,18253249.000
SalesRevenueNet,3412555.000,5658518.000,9455945.000,11680989.000,13378040.000,13496141.000,17048656.000,17144812.000,17016259.000,18057822.000,18540975.000,18651713.000,19561597.000,20182735.000,18253249.000
StockIssuedDuringPeriodValueNewIssues,,,56691187.000,,,,40422717.000,,,,3735858.000,,,,
StockRedeemedOrCalledDuringPeriodValue,,,711779.000,,,,689267.000,,,,2567757.000,,,,
StraightLineRent,,,,,,,1993589.000,,,,562413.000,,,,412773.000
TenantReimbursements,991189.000,1366072.000,2085714.000,2103834.000,2950591.000,2631820.000,3785062.000,3859891.000,3763919.000,4798438.000,5161539.000,5158063.000,5722637.000,5716808.000,5465979.000
WeightedAverageNumberOfShareOutstandingBasicAndDiluted,,,,,,,18266804.000,19859741.000,20416703.000,-38806361.000,20435361.000,20477539.000,20473024.000,-40921061.000,20473024.000
