,2011-06-30,2011-09-30,2012-03-31,2012-06-30,2012-09-30,2012-12-31,2013-03-31,2013-06-30,2013-09-30,2013-12-31,2014-03-31,2014-06-30,2014-09-30,2014-12-31,2015-03-31,2015-06-30,2015-09-30
CashAndCashEquivalentsPeriodIncreaseDecrease,,,2439721.000,,,,2415580.000,,,,535349.000,,,,1371717.000,,
ComprehensiveIncomeNetOfTax,4616339.000,6101905.000,3029331.000,4534171.000,3544988.000,6384666.000,3654431.000,7352354.000,6301621.000,7971449.000,2180745.000,6777809.000,6069036.000,7367522.000,3006003.000,7752746.000,66977.000
CostOfGoodsSold,1736616.000,2193504.000,1778568.000,2472094.000,1559180.000,2932324.000,1772288.000,2731416.000,2159255.000,2970390.000,1628254.000,2953060.000,2172840.000,2561372.000,1584260.000,2921381.000,2145416.000
DepreciationAndAmortization,,,309252.000,,,,362996.000,,,,372777.000,,,,367958.000,,
DividendsPreferredStock,,,-65144.000,,,,55392.000,,,,46676.000,,,,41879.000,,
EarningsPerShareBasic,0.260,0.330,0.190,0.310,0.240,0.360,0.210,0.370,0.360,0.440,0.190,0.400,0.360,0.390,0.210,0.410,0.350
EarningsPerShareDiluted,0.240,0.300,0.180,0.300,0.230,0.330,0.200,0.350,0.340,0.410,0.180,0.380,0.340,0.380,0.200,0.400,0.340
EffectOfExchangeRateOnCashAndCashEquivalents,,,59349.000,,,,262317.000,,,,-930431.000,,,,-482052.000,,
ForeignCurrencyTransactionGainLossBeforeTax,,,,,,,,,,,,-1639.000,-7899.000,,-8071.000,6240.000,-69579.000
ForeignCurrencyTransactionLossBeforeTax,-28864.000,12504.000,-2404.000,13571.000,3440.000,-20217.000,5187.000,-31644.000,-21517.000,-16679.000,18089.000,,,,,,
GainLossOnDerivativeInstrumentsNetPretax,436934.000,200754.000,-4029.000,144788.000,-25915.000,29394.000,0.000,173.000,0.000,0.000,,0.000,0.000,,,,
GainLossOnDispositionOfAssets,,,,,,,0.000,,,,,,,,,,
GeneralAndAdministrativeExpense,814091.000,595599.000,664705.000,664538.000,551348.000,1221479.000,592515.000,696752.000,588375.000,1338817.000,673015.000,533618.000,575352.000,594888.000,491283.000,594449.000,434205.000
GrossProfit,5946675.000,7364778.000,5082450.000,7563334.000,6013263.000,9369963.000,5638848.000,9142918.000,8776695.000,10157179.000,5238427.000,10051502.000,8991969.000,9730794.000,5458067.000,10321842.000,8872917.000
IncomeLossFromContinuingOperationsBeforeIncomeTaxesMinorityInterestAndIncomeLossFromEquityMethodInvestments,5201210.000,6644548.000,4100980.000,6631027.000,5142091.000,7807573.000,4694424.000,8082938.000,7846550.000,9358680.000,4392118.000,9134639.000,8184439.000,8878792.000,4772495.000,9420794.000,8114600.000
IncomeTaxExpenseBenefit,1299593.000,1664065.000,1151402.000,1729994.000,1397501.000,2160063.000,1279740.000,2120129.000,2066105.000,2346248.000,1158544.000,2338917.000,2124781.000,2247972.000,1241318.000,2342967.000,2123433.000
IncomeTaxesPaid,,,1899301.000,,,,2168693.000,,,,2355699.000,,,,2247715.000,,
IncreaseDecreaseInAccountsPayable,,,-6332.000,,,,0.000,,,,,,,,,,
IncreaseDecreaseInAccountsReceivable,,,7911.000,,,,584.000,,,,40338.000,,,,-43249.000,,
IncreaseDecreaseInAccruedTaxesPayable,,,-1092388.000,,,,-1452440.000,,,,-1704426.000,,,,-1706421.000,,
IncreaseDecreaseInDerivativeLiabilities,,,4029.000,,,,0.000,,,,,,,,,,
IncreaseDecreaseInDueToRelatedParties,,,,,,,,,,,,,,,13864.000,,
IncreaseDecreaseInInventories,,,430950.000,,,,754380.000,,,,1046809.000,,,,748178.000,,
IncreaseDecreaseInOtherAccountsPayableAndAccruedLiabilities,,,48578.000,,,,83749.000,,,,-75594.000,,,,-31145.000,,
IncreaseDecreaseInPrepaidDeferredExpenseAndOtherAssets,,,-516790.000,,,,-445232.000,,,,-526815.000,,,,-342881.000,,
InvestmentIncomeInterest,66766.000,23995.000,67218.000,66664.000,59957.000,62079.000,83741.000,78748.000,72633.000,89023.000,91858.000,97226.000,102481.000,108131.000,111407.000,114822.000,112392.000
IssuanceOfStockAndWarrantsForServicesOrClaims,,,,,,,,,,,14558.000,,,,,,
NetCashProvidedByUsedInFinancingActivities,,,4170.000,,,,0.000,,,,,,,,,,
NetCashProvidedByUsedInFinancingActivitiesContinuingOperations,,,4170.000,,,,0.000,,,,,,,,,,
NetCashProvidedByUsedInInvestingActivities,,,-15927.000,,,,0.000,,,,,,,,,,
NetCashProvidedByUsedInInvestingActivitiesContinuingOperations,,,-15927.000,,,,0.000,,,,,,,,,,
NetCashProvidedByUsedInOperatingActivities,,,2392129.000,,,,2153263.000,,,,1465780.000,,,,1853769.000,,
NetCashProvidedByUsedInOperatingActivitiesContinuingOperations,,,2392129.000,,,,2153263.000,,,,1465780.000,,,,1853769.000,,
NetIncomeLoss,3901617.000,4980483.000,2949578.000,4901033.000,3744590.000,5647510.000,3414684.000,5962809.000,5780445.000,7012432.000,3233574.000,6795722.000,6059658.000,6630820.000,3531177.000,7077827.000,5991167.000
NonoperatingIncomeExpense,532564.000,212245.000,65593.000,197881.000,30602.000,119611.000,78554.000,110565.000,94150.000,113775.000,73769.000,95587.000,94582.000,157551.000,103336.000,121062.000,42813.000
OperatingIncomeLoss,4668646.000,6432303.000,4035387.000,6433146.000,5111489.000,7687962.000,4615870.000,7972373.000,7752400.000,9244905.000,4318349.000,9039052.000,8089857.000,8721241.000,4669159.000,9299732.000,8071787.000
OtherComprehensiveIncomeForeignCurrencyTransactionAndTranslationAdjustmentNetOfTaxPortionAttributableToParent,714722.000,1121422.000,79753.000,-366862.000,-199602.000,737156.000,239747.000,1389545.000,521176.000,959017.000,-1052829.000,-17913.000,9378.000,736702.000,-525174.000,674919.000,-5924190.000
OtherComprehensiveIncomeLossForeignCurrencyTransactionAndTranslationAdjustmentNetOfTax,,,79753.000,,,,239747.000,,,,-1052829.000,,,,525174.000,,
PaymentsToAcquirePropertyPlantAndEquipment,,,15927.000,,,,0.000,,,,,,,,,,
ProceedsFromRelatedPartyDebt,,,,,,,,,,,139989.000,,,,,,
ProceedsFromRepaymentsOfRestrictedCashFinancingActivities,,,4170.000,,,,0.000,,,,,,,,,,
Revenues,7683291.000,9558282.000,6861018.000,10035428.000,7572443.000,12302287.000,7411136.000,11874334.000,10935950.000,13127569.000,6866681.000,13004562.000,11164809.000,12292166.000,7042327.000,13243223.000,11018333.000
SalesRevenueNet,7683291.000,9558282.000,6861018.000,10035428.000,7572443.000,12302287.000,7411136.000,11874334.000,10935950.000,13127569.000,6866681.000,13004562.000,11164809.000,12292166.000,7042327.000,13243223.000,11018333.000
SellingExpense,463938.000,336876.000,382358.000,465650.000,350426.000,460522.000,430463.000,473793.000,435920.000,508312.000,247063.000,478832.000,326760.000,414665.000,297625.000,427661.000,366925.000
ShareBasedCompensation,,,101483.000,,,,54006.000,,,,45234.000,,,,40384.000,,
StockIssuedDuringPeriodValueShareBasedCompensation,,,101483.000,,,,54006.000,,,,45234.000,,,,,,
WeightedAverageNumberOfDilutedSharesOutstanding,16394902.000,16516910.000,16512858.000,16517699.000,16532296.000,-32962800.000,16995928.000,16993926.000,17060119.000,-33960513.000,17645322.000,17694270.000,17702788.000,-35342791.000,17737437.000,17739156.000,17759591.000
WeightedAverageNumberOfSharesOutstandingBasic,14793775.000,14915588.000,15361458.000,15384180.000,15402196.000,-30694178.000,15863826.000,15863826.000,15919261.000,-31697376.000,16657418.000,16858667.000,16878627.000,-33567702.000,16957832.000,16996396.000,17016831.000
