,2011-09-30,2012-03-31,2012-06-30,2013-06-30,2013-09-30,2014-03-31,2014-06-30,2014-09-30,2014-12-31,2015-03-31,2015-06-30,2015-09-30,2015-12-31,2016-03-31,2016-06-30,2016-09-30,2016-12-31,2017-03-31
AmortizationOfDeferredLoanOriginationFeesNet,,,,,,,,,,,,,,,,-47369.000,,
BusinessCombinationAcquisitionRelatedCosts,,,,,,,,,,,,,,,,,,-537708.000
CashAndCashEquivalentsPeriodIncreaseDecrease,,461223.000,,,,94055.000,,,,93103.000,,,,371026.000,,,,-77203.000
ComprehensiveIncomeNetOfTax,-377467.000,-682752.000,-840838.000,-637517.000,-441430.000,,,,,,,,,,,,,
CostOfRevenue,0.000,0.000,960983.000,23995.000,18460.000,1851.000,36167.000,113472.000,8049.000,0.000,0.000,1334311.000,956334.000,2282.000,0.000,1375734.000,9283225.000,500526.000
DebtInstrumentRedemptionPricePercentageOfPrincipalAmountRedeemed,,,,,,,,,,,,,,,,,,0.100
DebtRelatedCommitmentFeesAndDebtIssuanceCosts,0.000,,0.000,,,,,,,,,,,,,,,
DeconsolidationGainOrLossAmount,,293730.000,0.000,,,,,,,,,,,,,,,
DecreaseInRestrictedCash,,,,,,,,,,,,,,,,,,1250000.000
Depreciation,,1008.000,,,,2900.000,,,,6995.000,,,,5658.000,,,,4635.000
DepreciationDepletionAndAmortization,,,,,,,,,,,,,,,,,,4635.000
DevelopmentCosts,,0.000,0.000,,,,,,,,,,,,,,,
DividendsPreferredStock,,,,,,,,,,,,,,,,,,0.000
EarningsPerShareBasic,,,,,,,,,,,,,,,,,,0.340
EarningsPerShareBasicAndDiluted,-0.010,-0.010,-0.010,-0.010,-0.010,-0.010,-0.010,-0.010,0.010,-0.010,-0.010,-0.000,-0.030,-1.850,-1.630,-1.080,-0.270,
EarningsPerShareDiluted,,,,,,,,,,,,,,,,,,0.050
EmployeeBenefitsAndShareBasedCompensation,,,,,,,,,,,,,,,,,,791210.000
FairValueAdjustmentOfWarrants,,,,,,,,,,,,,,,,,,-6823325.000
GainsLossesOnExtinguishmentOfDebt,,,,,,,,,,,,,,-1191358.000,-4652443.000,0.000,-31439023.000,0.000
GeneralAndAdministrativeExpense,342353.000,909388.000,851651.000,769907.000,492076.000,396085.000,454347.000,351794.000,330985.000,554794.000,520984.000,793359.000,609657.000,268000.000,523014.000,370984.000,83691.000,192409.000
GrossProfit,0.000,0.000,37599.000,,,,,,,,,,,,,,,
IncomeLossFromContinuingOperationsPerBasicShare,,,,,,,,,,,,,,,,,,0.340
IncomeLossFromContinuingOperationsPerDilutedShare,,,,,,,,,,,,,,,,,,0.050
IncreaseDecreaseInAccountsPayable,,-146947.000,,,,-103404.000,,,,91524.000,,,,-1413545.000,,,,530690.000
IncreaseDecreaseInDeferredRevenue,,720000.000,,,,500000.000,,,,750000.000,,,,0.000,,,,-20253.000
IncreaseDecreaseInDemandDeposits,,,,,,,,,,-40000.000,,,,0.000,,,,105149.000
IncreaseDecreaseInDeposits,,2225.000,,,,,,,,,,,,,,,,
IncreaseDecreaseInEmployeeRelatedLiabilities,,,,,,62500.000,,,,62500.000,,,,-2500.000,,,,62500.000
IncreaseDecreaseInInventories,,15.000,,,,,,,,,,,,,,,,
IncreaseDecreaseInOtherCurrentAssets,,22018.000,,,,-1276.000,,,,-479868.000,,,,-970552.000,,,,-1952427.000
IncreaseDecreaseInOtherCurrentAssetsAndLiabilitiesNet,,,,,,180134.000,,,,,,,,,,,,
IncreaseDecreaseInOtherCurrentLiabilities,,337777.000,,,,,,,,959316.000,,,,2074950.000,,,,282674.000
IncreaseDecreaseInOtherReceivables,,,,,,,,,,,,,,,,,,-2283026.000
IncreaseDecreaseInPrepaidExpense,,,,,,5411.000,,,,1520.000,,,,-49167.000,,,,0.000
InterestAndDebtExpense,,,,,,,,,,,,,,,,,,7397.000
InterestAndOtherIncome,,147.000,138.000,22.000,61.000,34.000,18.000,19.000,,,,,,,,,,
InterestCostsCapitalized,,,,,,,,,,3888.000,,,,,,,,
InterestExpense,35114.000,67241.000,75842.000,153864.000,156656.000,153559.000,152473.000,172151.000,182397.000,188992.000,204466.000,263784.000,283156.000,1281965.000,1778111.000,613651.000,568114.000,452137.000
InterestExpenseDebt,,,2369.000,9161.000,8885.000,,,,,,,,,,,,,
InterestExpenseOther,,,,,,,,,,,,,,,,,,0.000
InterestExpenseRelatedParty,,,,,,,,,,43664.000,45708.000,47780.000,202898.000,50382.000,,54081.000,,23287.000
InterestPaid,,0.000,,,,5588.000,,,,70282.000,,,,191322.000,,,,0.000
InterestRevenueExpenseNet,,,55118.000,,,,,,,,,,,,,,,
InventoryWriteDown,,,,,,0.000,,,,,,,,,,,,
LeaseAndRentalExpense,,,,,,,,,,,,,,,,,,138531.000
MarketingExpense,,,,,,,,,,,,,,,,9237873.000,,
NetCashProvidedByUsedInFinancingActivities,,850000.000,,,,-95000.000,,,,186000.000,,,,941795.000,,,,-5092057.000
NetCashProvidedByUsedInFinancingActivitiesContinuingOperations,,850000.000,,,,-95000.000,,,,186000.000,,,,941795.000,,,,-5092057.000
NetCashProvidedByUsedInInvestingActivities,,-11620.000,,,,0.000,,,,-3137.000,,,,0.000,,,,1263626.000
NetCashProvidedByUsedInInvestingActivitiesContinuingOperations,,-11620.000,,,,0.000,,,,-3137.000,,,,0.000,,,,1263626.000
NetCashProvidedByUsedInOperatingActivities,,-377157.000,,,,189055.000,,,,-89760.000,,,,-570769.000,,,,3751228.000
NetCashProvidedByUsedInOperatingActivitiesContinuingOperations,,-377157.000,,,,189055.000,,,,-89760.000,,,,-570769.000,,,,3751228.000
NetIncomeLoss,-377467.000,-747987.000,-840838.000,-637517.000,-441430.000,-459061.000,-485582.000,-535599.000,-393263.000,-1056134.000,-1050703.000,-341319.000,-1601865.000,-3448848.000,-7703932.000,-11539173.000,-14497726.000,4961788.000
NetIncomeLossAttributableToNoncontrollingInterest,,,,,,,,,,937.000,3065.000,11250.000,2188.000,4320.000,937.000,1556.000,-6813.000,4961788.000
NetIncomeLossAttributableToRedeemableNoncontrollingInterest,,,,,,,,,,,,,,0.000,,,,
NoncashOrPartNoncashAcquisitionIntangibleAssetsAcquired1,,,,,,,,,,,,,,,,,,9110000.000
NonoperatingIncomeExpense,35114.000,161401.000,-26786.000,-106001.000,-156582.000,-153525.000,-152455.000,-172132.000,-142468.000,-188992.000,,-263784.000,,-2463663.000,,,,5833480.000
OfficersCompensation,,,312500.000,,,1562500.000,,,,1812500.000,,,,2062500.000,,,,
OperatingExpenses,342353.000,909388.000,851651.000,1049076.000,790798.000,808036.000,881819.000,879969.000,,,,,,,,,,
OperatingIncomeLoss,-342353.000,-909388.000,-814052.000,-531516.000,-284848.000,-305536.000,-333127.000,-363467.000,-250795.000,-867142.000,-846237.000,-77535.000,-1415011.000,-985185.000,-1273378.000,-10878153.000,-4565548.000,-871692.000
OtherComprehensiveIncomeForeignCurrencyTransactionAndTranslationGainLossArisingDuringPeriodNetOfTax,0.000,,0.000,,,,,,,,,,,,,,,
OtherExpenses,,,,,,,,,,,0.000,,,,,,,
OtherIncome,,,48918.000,47841.000,13.000,0.000,0.000,0.000,40000.000,,,,,9660.000,0.000,0.000,0.000,0.000
PaymentsForLoans,,,,,,,,,,250000.000,,,,,,,,
PaymentsToAcquirePropertyPlantAndEquipment,,11620.000,,,,0.000,,,,3137.000,,,,0.000,,,,
ProFormaWeightedAverageSharesOutstandingDiluted,,,,,,,,,,,,,,,,,,17305617.000
ProceedsFromIssuanceOfCommonStock,,,,,,,,,,,,,,,,,,0.000
ProceedsFromIssuanceOfSecuredDebt,,,,,,,,,,,,,,0.000,,,,
ProceedsFromIssuanceOfWarrants,,0.000,,,,,,,,,,,,,,,,35100.000
ProceedsFromIssuanceOrSaleOfEquity,,,,,,,,,,,,,,1500000.000,,,,500000.000
ProceedsFromLoans,,,,,,,,,,100000.000,,,,,,,,
ProceedsFromNotesPayable,,850000.000,,,,,,,,,,,,0.000,,,,
ProceedsFromRelatedPartyDebt,,,,,,0.000,,,,573500.000,,,,716881.000,,,,672000.000
ProceedsFromRepaymentsOfNotesPayable,,0.000,,,,-10000.000,,,,0.000,,,,,,,,
ProfessionalFees,,,,,,,,,,,,,,344735.000,394358.000,689523.000,977138.000,375269.000
ProfitLoss,,,,,,,,,,,,-341319.000,,-3448848.000,-7703932.000,-11539173.000,,4961788.000
RepaymentsOfDebt,,,,,,10000.000,,,,0.000,,,,,,,,
RepaymentsOfNotesPayable,,,,,,-10000.000,,,,0.000,,,,0.000,,,,
RepaymentsOfRelatedPartyDebt,,0.000,,,,75000.000,,,,237500.000,,,,1275086.000,,,,456330.000
RepaymentsOfSubordinatedDebt,,,,,,,,,,,,,,,,,,5842827.000
ResearchAndDevelopmentAssetAcquiredOtherThanThroughBusinessCombinationFairValueAcquired,,,,,,,,,,,,,,,,,,2000000.000
Revenues,0.000,0.000,998582.000,517560.000,505950.000,502500.000,548692.000,516502.000,502500.000,3750.000,12377.000,2425296.000,557856.000,17278.000,7750.000,1146225.000,8224372.000,532866.000
RevenuesNetOfInterestExpense,,,,,,,,,,,,,,,,,,532866.000
SalariesAndWages,,,,255174.000,280262.000,410100.000,391305.000,414703.000,414261.000,316098.000,337630.000,375161.000,406876.000,387446.000,363756.000,350264.000,361123.000,336354.000
SaleLeasebackTransactionNetProceedsInvestingActivities,,,,,,,,,,,,,,,,,,35100.000
SalesRevenueGoodsNet,,,,17560.000,5950.000,2500.000,48692.000,0.000,0.000,0.000,116.000,2380296.000,549106.000,0.000,4000.000,1140000.000,8223222.000,532866.000
SalesRevenueNet,0.000,0.000,949664.000,469719.000,505937.000,502500.000,548692.000,516502.000,462500.000,3750.000,12377.000,2425296.000,557856.000,7618.000,7750.000,1146225.000,8224372.000,1371687.000
SalesRevenueServicesNet,,,,500000.000,500000.000,500000.000,500000.000,500000.000,500000.000,0.000,0.000,0.000,,,,,,
ShareBasedCompensationArrangementByShareBasedPaymentAwardOptionsExpirationsInPeriod,,,,,,0.000,,,,0.000,,,,0.000,,,,0.000
ShareBasedCompensationArrangementByShareBasedPaymentAwardOptionsForfeituresInPeriod,,,,,,0.000,,,,,,,,,,,,
ShareBasedCompensationArrangementByShareBasedPaymentAwardOptionsGrantsInPeriodGross,,,,,,0.000,,,,0.000,,,,0.000,,,,0.000
ShareBasedCompensationArrangementsByShareBasedPaymentAwardOptionsExercisesInPeriodWeightedAverageExercisePrice,,,,,,0.000,,,,0.000,,,,0.000,,,,0.020
ShareBasedCompensationArrangementsByShareBasedPaymentAwardOptionsExpirationsInPeriodWeightedAverageExercisePrice,,,,,,0.000,,,,0.000,,,,0.000,,,,0.000
ShareBasedCompensationArrangementsByShareBasedPaymentAwardOptionsForfeituresInPeriodWeightedAverageExercisePrice,,,,,,0.000,,,,,,,,,,,,
ShareBasedCompensationArrangementsByShareBasedPaymentAwardOptionsGrantsInPeriodWeightedAverageExercisePrice,,,,,,0.000,,,,0.000,,,,0.000,,,,0.000
StockIssuedDuringPeriodSharesStockOptionsExercised,,,,,,0.000,,,,0.000,,,,0.000,,,,2340000.000
StockIssuedDuringPeriodValueAcquisitions,,,,,,,,,,,,,,,,,,15030767.000
StockIssuedDuringPeriodValueNewIssues,,,,,,,,,,,,,,9120794.000,,,,500000.000
WeightedAverageNumberOfDilutedSharesOutstanding,,,,,,,,,,,,,,,,,,17305617.000
WeightedAverageNumberOfShareOutstandingBasicAndDiluted,,,64190987.000,81892352.000,81892352.000,81892352.000,81892352.000,81892352.000,-163784704.000,81892352.000,81892352.000,81892352.000,-163784704.000,4678469.000,7340942.000,10674215.000,-13915433.000,
WeightedAverageNumberOfSharesOutstandingBasic,,,,,,,,,,,,,,,,,,14477413.000
