,2014-03-31,2014-06-30,2014-09-30,2014-12-31,2015-03-31,2015-06-30,2015-09-30,2015-12-31,2016-03-31,2016-06-30,2016-09-30,2016-12-31,2017-03-31
AccretionExpense,,,,,,,,,,,,,5000.000
AllocatedShareBasedCompensationExpense,1196000.000,1723000.000,1877000.000,1957000.000,2235000.000,1830000.000,1945000.000,1720000.000,1994000.000,2414000.000,2519000.000,2716000.000,3129000.000
AmortizationOfFinancingCostsAndDiscounts,51000.000,,,,84000.000,,,,91000.000,,,,20000.000
AmortizationOfIntangibleAssets,100000.000,100000.000,100000.000,200000.000,100000.000,100000.000,100000.000,200000.000,100000.000,100000.000,100000.000,200000.000,100000.000
AntidilutiveSecuritiesExcludedFromComputationOfEarningsPerShareAmount,38606000.000,,,,,,,,8733000.000,,,,7747000.000
CapitalExpendituresIncurredButNotYetPaid,20000.000,,,,16000.000,,,,137000.000,,,,159000.000
CashAndCashEquivalentsPeriodIncreaseDecrease,11490000.000,,,,-7643000.000,,,,-717000.000,,,,-1670000.000
ComprehensiveIncomeNetOfTax,-8320000.000,-8659000.000,-11434000.000,-9373000.000,-8904000.000,-7368000.000,-6048000.000,-3518000.000,-4911000.000,-3468000.000,-3890000.000,409000.000,-5255000.000
ConversionOfStockAmountIssued1,509000.000,,,,0.000,,,,,,,,
CostOfRevenue,13148000.000,13469000.000,13504000.000,14540000.000,14778000.000,14270000.000,14812000.000,15635000.000,16610000.000,16764000.000,17790000.000,15770000.000,19971000.000
Depreciation,1500000.000,1600000.000,1500000.000,1400000.000,1600000.000,1800000.000,1700000.000,1800000.000,2000000.000,1900000.000,2000000.000,2000000.000,2000000.000
DepreciationDepletionAndAmortization,1592000.000,,,,1775000.000,,,,2103000.000,,,,2095000.000
EarningsPerShareBasicAndDiluted,-1.480,-0.180,-0.240,0.900,-0.180,-0.150,-0.120,-0.070,-0.100,-0.070,-0.070,0.010,-0.100
FairValueAdjustmentOfWarrants,-1745000.000,,0.000,,0.000,0.000,0.000,0.000,,,,,
GainLossOnSaleOfPropertyPlantEquipment,0.000,,,,-10000.000,,,,-1000.000,,,,-3000.000
GainsLossesOnExtinguishmentOfDebt,,,,,,,,,,,-1026000.000,,
GeneralAndAdministrativeExpense,6171000.000,3515000.000,7967000.000,6763000.000,7275000.000,6027000.000,6087000.000,6433000.000,6536000.000,5882000.000,6143000.000,6511000.000,8860000.000
GrossProfit,11126000.000,11216000.000,12365000.000,13734000.000,15496000.000,16004000.000,17475000.000,20398000.000,21405000.000,22122000.000,23192000.000,28437000.000,27043000.000
IncomeLossFromContinuingOperationsBeforeIncomeTaxesExtraordinaryItemsNoncontrollingInterest,-8293000.000,-8647000.000,-11422000.000,-9339000.000,-8885000.000,-7389000.000,-5998000.000,-3505000.000,-4883000.000,-3426000.000,-3892000.000,395000.000,-5206000.000
IncomeTaxExpenseBenefit,27000.000,12000.000,13000.000,33000.000,18000.000,-20000.000,50000.000,13000.000,28000.000,42000.000,-2000.000,-14000.000,49000.000
IncreaseDecreaseInAccountsPayableTrade,-221000.000,,,,-1629000.000,,,,825000.000,,,,-95000.000
IncreaseDecreaseInAccountsReceivable,-344000.000,,,,510000.000,,,,1990000.000,,,,1595000.000
IncreaseDecreaseInDeferredRevenue,582000.000,,,,286000.000,,,,1659000.000,,,,909000.000
IncreaseDecreaseInOtherCurrentLiabilities,,,,,,,,,1935000.000,,,,3119000.000
IncreaseDecreaseInOtherNoncurrentAssets,65000.000,,,,94000.000,,,,30000.000,,,,-30000.000
IncreaseDecreaseInOtherNoncurrentLiabilities,-47000.000,,,,9000.000,,,,-24000.000,,,,24000.000
IncreaseDecreaseInPrepaidDeferredExpenseAndOtherAssets,,,,,1211000.000,,,,1715000.000,,,,2129000.000
IncreaseDecreaseInPropertyAndOtherTaxesPayable,523000.000,,,,960000.000,,,,93000.000,,,,-11000.000
IncreaseDecreaseInRestrictedCash,25000.000,,,,-660000.000,,,,0.000,,,,
InterestExpense,778000.000,1092000.000,1116000.000,1175000.000,1139000.000,1155000.000,1235000.000,1198000.000,1199000.000,1197000.000,961000.000,869000.000,882000.000
NetCashProvidedByUsedInFinancingActivities,17766000.000,,,,-2352000.000,,,,-517000.000,,,,-1315000.000
NetCashProvidedByUsedInFinancingActivitiesContinuingOperations,17766000.000,,,,-2352000.000,,,,-517000.000,,,,-1315000.000
NetCashProvidedByUsedInInvestingActivities,-96000.000,,,,462000.000,,,,-252000.000,,,,-514000.000
NetCashProvidedByUsedInInvestingActivitiesContinuingOperations,-96000.000,,,,462000.000,,,,-252000.000,,,,-514000.000
NetCashProvidedByUsedInOperatingActivities,-6180000.000,,,,-5753000.000,,,,52000.000,,,,159000.000
NetCashProvidedByUsedInOperatingActivitiesContinuingOperations,-6180000.000,,,,-5753000.000,,,,52000.000,,,,159000.000
NetIncomeLoss,-8320000.000,-8659000.000,-11435000.000,-9372000.000,-8903000.000,-7369000.000,-6048000.000,-3518000.000,-4911000.000,-3468000.000,-3890000.000,409000.000,-5255000.000
NoncashOrPartNoncashAcquisitionFixedAssetsAcquired1,769000.000,,,,1309000.000,,,,1307000.000,,,,2603000.000
NonoperatingIncomeExpense,999000.000,-1120000.000,-1021000.000,-1029000.000,-1137000.000,-1204000.000,-1116000.000,-1170000.000,-1244000.000,-1230000.000,-1975000.000,-815000.000,-764000.000
OperatingExpenses,20418000.000,18743000.000,22766000.000,22044000.000,23244000.000,22189000.000,22357000.000,22733000.000,25044000.000,24318000.000,25109000.000,27227000.000,31485000.000
OperatingIncomeLoss,-9292000.000,-7527000.000,-10401000.000,-8310000.000,-7748000.000,-6185000.000,-4882000.000,-2335000.000,-3639000.000,-2196000.000,-1917000.000,1210000.000,-4442000.000
OtherComprehensiveIncomeLossNetOfTax,0.000,0.000,,,,,,,,,,,
OtherComprehensiveIncomeUnrealizedHoldingGainLossOnSecuritiesArisingDuringPeriodNetOfTax,,,1000.000,,-1000.000,1000.000,0.000,0.000,0.000,0.000,,,
OtherNoncashIncomeExpense,,,,,1000.000,,,,4000.000,,,,11000.000
OtherNonoperatingIncomeExpense,32000.000,-28000.000,95000.000,146000.000,2000.000,-49000.000,119000.000,28000.000,-45000.000,-33000.000,12000.000,54000.000,118000.000
PaymentsOfStockIssuanceCosts,805000.000,,,,0.000,,,,,,,,
PaymentsToAcquireAvailableForSaleSecurities,,,,,20000000.000,,,,0.000,,,,
PaymentsToAcquirePropertyPlantAndEquipment,71000.000,,,,198000.000,,,,252000.000,,,,514000.000
ProceedsFromIssuanceOfSecuredDebt,19561000.000,,,,0.000,,,,,,,,
ProceedsFromLinesOfCredit,0.000,,,,,,,,,,,,
ProceedsFromSaleAndMaturityOfAvailableForSaleSecurities,,,,,,,,,0.000,,,,
ProceedsFromSaleOfShortTermInvestments,0.000,,,,20000000.000,,,,,,,,
ProceedsFromStockOptionsExercised,556000.000,,,,116000.000,,,,2397000.000,,,,793000.000
ProvisionForDoubtfulAccounts,20000.000,,,,113000.000,,,,25000.000,,,,24000.000
RepaymentsOfLongTermCapitalLeaseObligations,1282000.000,,,,1687000.000,,,,1306000.000,,,,1850000.000
RepaymentsOfSecuredDebt,264000.000,,,,781000.000,,,,1608000.000,,,,258000.000
ResearchAndDevelopmentExpense,5225000.000,5554000.000,5503000.000,5828000.000,6038000.000,5568000.000,5473000.000,5580000.000,5802000.000,5799000.000,6041000.000,6236000.000,6847000.000
Revenues,24274000.000,24685000.000,25869000.000,28274000.000,30274000.000,30274000.000,32287000.000,36033000.000,38015000.000,38886000.000,40982000.000,44207000.000,47014000.000
SalesRevenueNet,24274000.000,24685000.000,25869000.000,28274000.000,30274000.000,30274000.000,32287000.000,36033000.000,38015000.000,38886000.000,40982000.000,44207000.000,47014000.000
SellingAndMarketingExpense,9022000.000,9674000.000,9296000.000,9453000.000,9931000.000,10594000.000,10797000.000,10720000.000,12706000.000,12637000.000,12925000.000,14480000.000,15778000.000
ShareBasedCompensation,1196000.000,,,,2235000.000,,,,1994000.000,,,,3129000.000
ShareBasedCompensationArrangementByShareBasedPaymentAwardOptionsForfeituresAndExpirationsInPeriod,68000.000,,,,,,,,,,,,
ShareBasedCompensationArrangementByShareBasedPaymentAwardOptionsForfeituresAndExpirationsInPeriodWeightedAverageExercisePrice,4.410,,,,,,,,,,,,
ShareBasedCompensationArrangementByShareBasedPaymentAwardOptionsGrantsInPeriodGross,356000.000,,,,,,,,,,,,
ShareBasedCompensationArrangementsByShareBasedPaymentAwardOptionsExercisesInPeriodWeightedAverageExercisePrice,1.140,,,,,,,,,,,,
ShareBasedCompensationArrangementsByShareBasedPaymentAwardOptionsGrantsInPeriodWeightedAverageExercisePrice,12.140,,,,,,,,,,,,
StockIssuedDuringPeriodSharesStockOptionsExercised,576000.000,,,,,,,,,,,,
WeightedAverageNumberOfShareOutstandingBasicAndDiluted,5608000.000,46898000.000,48310000.000,-63212000.000,49433000.000,49980000.000,50369000.000,-99641000.000,51377000.000,52143000.000,52708000.000,-103886000.000,53688000.000
