,2012-03-31,2012-06-30,2012-09-30,2012-12-31,2013-03-31,2013-06-30,2013-09-30,2013-12-31,2014-03-31,2014-06-30,2014-09-30,2014-12-31,2015-03-31
AdjustmentsToAdditionalPaidInCapitalConvertibleDebtWithConversionFeature,,,,,14000.000,,,,,,,,
AdjustmentsToAdditionalPaidInCapitalShareBasedCompensationStockOptionsRequisiteServicePeriodRecognition,,,,,63668.000,,,,,,,,
AdjustmentsToAdditionalPaidInCapitalSharebasedCompensationRequisiteServicePeriodRecognitionValue,,,,,,,,,,,,,12380.000
AdjustmentsToAdditionalPaidInCapitalWarrantIssued,,,,,28700.000,,,,,,,,
AdvertisingExpense,,,,,180000.000,168000.000,137000.000,85000.000,110000.000,205000.000,79000.000,71000.000,117000.000
AmortizationOfDebtDiscountPremium,,,,,41617.000,,,,237057.000,,,,42581.000
AntidilutiveSecuritiesExcludedFromComputationOfEarningsPerShareAmount,,,,,6866659.000,,,,10370069.000,,,,7879119.000
AssetImpairmentCharges,,,,,,,,,41000.000,,,,
CashAndCashEquivalentsPeriodIncreaseDecrease,-4160.000,,,,-252600.000,,,,-184816.000,,,,-21654.000
ConcentrationRiskPercentage1,,,,,,,,,,,,,0.590
CostOfServices,,561620.000,643690.000,,809729.000,874025.000,791823.000,878188.000,1021431.000,945210.000,906490.000,826213.000,962281.000
DepreciationAndAmortization,66993.000,66706.000,69649.000,78720.000,87609.000,96193.000,101648.000,111963.000,133164.000,140767.000,129203.000,139561.000,140775.000
DepreciationDepletionAndAmortization,,,,,87609.000,,,,133164.000,,,,140775.000
EarningsPerShareBasicAndDiluted,-0.040,-0.030,-0.040,-0.070,-0.070,-0.050,-0.050,0.400,0.080,0.080,0.110,-0.600,-0.040
FairValueAdjustmentOfWarrants,,,,,,,,,6500.000,,,,-2644.000
GeneralAndAdministrativeExpense,648925.000,535060.000,624714.000,758383.000,1005548.000,662146.000,636688.000,607121.000,745479.000,651242.000,494639.000,474154.000,429706.000
ImpairmentOfLongLivedAssetsToBeDisposedOf,,,,,,,,,,,,,40000.000
IncomeLossFromContinuingOperationsBeforeIncomeTaxesExtraordinaryItemsNoncontrollingInterest,-617917.000,-522159.000,-603640.000,-1095280.000,-1252533.000,-1025606.000,-886506.000,-1135098.000,-1449297.000,-1643389.000,-2277778.000,-1215609.000,-838940.000
IncomeTaxExpenseBenefit,,800.000,,,,,,,,4135.000,,,1311.000
IncreaseDecreaseInAccountsPayable,125142.000,,,,180580.000,,,,78915.000,,,,-38707.000
IncreaseDecreaseInAccountsPayableRelatedParties,5849.000,,,,,,,,2789.000,,,,19944.000
IncreaseDecreaseInAccruedLiabilitiesAndOtherOperatingLiabilities,30004.000,,,,2534.000,,,,81228.000,,,,55854.000
IncreaseDecreaseInDeferredCompensation,36100.000,,,,67939.000,,,,-20359.000,,,,14734.000
IncreaseDecreaseInDeferredRevenue,114310.000,,,,214299.000,,,,216623.000,,,,161417.000
IncreaseDecreaseInDueFromRelatedPartiesCurrent,29978.000,,,,67871.000,,,,4998.000,,,,
IncreaseDecreaseInInterestPayableNet,,,,,,,,,,,,,80299.000
IncreaseDecreaseInOtherOperatingAssets,,,,,104387.000,,,,-64216.000,,,,-4039.000
IncreaseDecreaseInPrepaidDeferredExpenseAndOtherAssets,-10947.000,,,,-55964.000,,,,-267050.000,,,,-77599.000
InterestExpense,21299.000,15926.000,32805.000,45851.000,81631.000,116388.000,144354.000,244775.000,489733.000,858678.000,1843091.000,,
InterestPaid,18487.000,,,,28883.000,,,,90826.000,,,,83518.000
IssuanceOfStockAndWarrantsForServicesOrClaims,,,,,236000.000,,,,,,,,1700.000
MarketingAndAdvertisingExpense,125748.000,132922.000,145298.000,218069.000,179754.000,340282.000,136818.000,119210.000,140515.000,244945.000,108765.000,98512.000,147122.000
NetCashProvidedByUsedInFinancingActivities,267934.000,,,,305291.000,,,,444614.000,,,,112026.000
NetCashProvidedByUsedInFinancingActivitiesContinuingOperations,267934.000,,,,305291.000,,,,444614.000,,,,112026.000
NetCashProvidedByUsedInInvestingActivities,-40173.000,,,,-184214.000,,,,-229083.000,,,,
NetCashProvidedByUsedInInvestingActivitiesContinuingOperations,-40173.000,,,,-184214.000,,,,-229083.000,,,,
NetCashProvidedByUsedInOperatingActivities,-231921.000,,,,-373677.000,,,,-400347.000,,,,-133680.000
NetCashProvidedByUsedInOperatingActivitiesContinuingOperations,-231921.000,,,,-373677.000,,,,-400347.000,,,,-133680.000
NetIncomeLoss,-617917.000,-522959.000,-603640.000,-1095280.000,-1252533.000,-1025606.000,-886506.000,-1135898.000,-1449297.000,-1647524.000,-2277778.000,-1215337.000,-840251.000
OperatingIncomeLoss,-597823.000,-506233.000,-579135.000,-1059971.000,-1172502.000,-904918.000,-740244.000,-966481.000,-966064.000,-860420.000,-444044.000,-615349.000,-492271.000
OperatingLeasesRentExpenseNet,,,,,,11000.000,11000.000,,,,,,
OtherNonoperatingIncomeExpense,1205.000,,8300.000,,1600.000,-4300.000,-1908.000,13792.000,6500.000,75709.000,9357.000,,
PaymentsForRepurchaseOfCommonStock,,,,,,,,,,,,,30000.000
PaymentsToAcquirePropertyPlantAndEquipment,40173.000,,,,184214.000,,,,229083.000,,,,
ProceedsFromConvertibleDebt,,,,,,,,,25000.000,,,,
ProceedsFromIssuanceOfCommonStock,297240.000,,,,75001.000,,,,,,,,
ProceedsFromIssuanceOfSubordinatedLongTermDebt,,,,,300000.000,,,,,,,,
ProceedsFromLinesOfCredit,,,,,,,,,1130905.000,,,,977434.000
ProceedsFromShortTermDebt,,,,,,,,,600000.000,,,,460000.000
ProceedsFromStockOptionsExercised,,,,,17493.000,,,,,,,,
RepaymentsOfDebtAndCapitalLeaseObligations,15406.000,,,,17763.000,,,,2479.000,,,,
RepaymentsOfLinesOfCredit,,,,,,,,,1198337.000,,,,1069302.000
RepaymentsOfLongTermCapitalLeaseObligations,,,,,,,,,,,,,2730.000
RepaymentsOfNotesPayable,13900.000,,,,69440.000,,,,110475.000,,,,73376.000
RepaymentsOfShortTermDebt,,,,,,,,,,,,,150000.000
RevenueFromRelatedParties,720977.000,713030.000,719281.000,569240.000,692735.000,771408.000,622377.000,460501.000,705876.000,695286.000,750575.000,532644.000,703169.000
Revenues,764504.000,790075.000,904216.000,741347.000,910138.000,1067728.000,926733.000,750001.000,1074525.000,1121744.000,1195053.000,923091.000,1187613.000
SalesRevenueNet,764504.000,790075.000,904216.000,741347.000,910138.000,1067728.000,926733.000,750001.000,1074525.000,1121744.000,1195053.000,923091.000,1187613.000
SalesRevenueServicesGross,43527.000,,,,,,,,,,,,
SalesRevenueServicesNet,,77045.000,184935.000,,217403.000,296320.000,304356.000,289500.000,368649.000,426458.000,444478.000,390447.000,484444.000
ServiceManagementCosts,520661.000,,,,,,,,,,,,
ShareBasedCompensation,12124.000,,,,63668.000,,,,29364.000,,,,12380.000
StockIssuedDuringPeriodSharesNewIssues,,,,,,,,,,,,,1811070.000
StockIssuedDuringPeriodValueIssuedForServices,,,,,207300.000,,,,,,,,1700.000
StockIssuedDuringPeriodValueNewIssues,297180.000,,,,75001.000,,,,,,,,432455.000
StockIssuedDuringPeriodValueShareBasedCompensation,12124.000,,,,,,,,29364.000,,,,
StockIssuedDuringPeriodValueStockOptionsExercised,,,,,17493.000,,,,,,,,
StockRepurchasedDuringPeriodShares,,,,,,,,,,,,,30000.000
StockRepurchasedDuringPeriodValue,,,,,,,,,,,,,3.000
UnrealizedGainLossOnDerivatives,1205.000,,,,,,,,,,,,
WeightedAverageNumberOfShareOutstandingBasicAndDiluted,14733821.000,15341854.000,16390335.000,-30482105.000,18452656.000,19020058.000,19164294.000,-37893270.000,19308230.000,19425999.000,20022719.000,-38650226.000,19490215.000
