,2011-06-30,2011-09-30,2012-03-31,2012-06-30,2012-09-30,2012-12-31,2013-03-31,2013-06-30,2013-09-30,2013-12-31,2014-03-31,2014-06-30,2014-09-30,2014-12-31,2015-03-31,2015-06-30,2015-09-30,2015-12-31,2016-03-31,2016-06-30,2016-09-30,2016-12-31,2017-03-31
AllocatedShareBasedCompensationExpense,,,,,,,,2444000.000,2171000.000,,2270000.000,2222000.000,2452000.000,2999000.000,3255000.000,3320000.000,3238000.000,4027000.000,4581000.000,5038000.000,5107000.000,4836000.000,4984000.000
AmortizationOfDebtDiscountPremium,,,,,,,-87000.000,,,,,,,,,,,,,,,,
AmortizationOfFinancingCosts,,,,,,,-2000.000,,,,,,,,,,,,,,,,
AmortizationOfFinancingCostsAndDiscounts,,,,,,,,,,,182000.000,,,,220000.000,,,,268000.000,,,,319000.000
AssetImpairmentCharges,,,,,0.000,,0.000,,,,0.000,,,,0.000,,,,0.000,,,,
CashAndCashEquivalentsPeriodIncreaseDecrease,,,-2605000.000,,,,6498000.000,,,,14899000.000,,,,-6178000.000,,,,-13549000.000,,,,12217000.000
ComprehensiveIncomeNetOfTax,,,-27502000.000,-22547000.000,-22738000.000,-21705000.000,-21123000.000,-20484000.000,-20474000.000,-17228000.000,-18882000.000,-19112000.000,-9182000.000,-18989000.000,-20166000.000,-11939000.000,1815000.000,-1422000.000,-19304000.000,-18488000.000,-17523000.000,-19048000.000,-23875000.000
ContributionOfProperty,,,,,,,,,,,,,,,,,,,,,,,12600000.000
CostOfGoodsSold,2537000.000,6546000.000,8607000.000,5382000.000,960000.000,3847000.000,3200000.000,3322000.000,4616000.000,4568000.000,7169000.000,6271000.000,5608000.000,10578000.000,9732000.000,8438000.000,5119000.000,7415000.000,6880000.000,7115000.000,9273000.000,11244000.000,11362000.000
CostOfRevenue,2731000.000,7191000.000,10190000.000,7016000.000,2586000.000,5251000.000,4648000.000,4989000.000,6180000.000,5945000.000,8966000.000,8299000.000,7461000.000,12466000.000,11718000.000,10433000.000,7366000.000,9815000.000,9623000.000,10103000.000,12480000.000,14348000.000,15978000.000
DeferredRevenueRevenueRecognized,,,,,,,,,,,1700000.000,1700000.000,1700000.000,,,,,,,,,,
Depreciation,,,1629000.000,,,,1493000.000,,,,1221000.000,,,,908000.000,,,,848000.000,,,,2850000.000
DerivativeInstrumentsNotDesignatedAsHedgingInstrumentsGainLossNet,,,,,,,-32000.000,,,,,,,,-81000.000,,,,-49000.000,,,,-148000.000
EarningsPerShareBasic,,,,,,,,,,,,,,,,,0.020,,,,-0.190,,
EarningsPerShareBasicAndDiluted,-0.420,-0.540,-0.500,-0.400,-0.410,-0.380,-0.370,-0.330,-0.310,-0.250,-0.280,-0.270,-0.130,-0.260,-0.270,-0.160,,,-0.230,-0.210,,,-0.260
EarningsPerShareDiluted,,,,,,,,,,,,,,,,,0.020,,,,-0.190,,
FairValueAssumptionsExpectedVolatilityRate,,,,,,,0.500,,,,,,,,,,,,,,,,
FairValueAssumptionsRiskFreeInterestRate,,,,,,,0.014,,,,,,,,,,,,,,,,
GrossProfit,7899000.000,3328000.000,-152000.000,275000.000,190000.000,627000.000,930000.000,1059000.000,1241000.000,3189000.000,2676000.000,3126000.000,13162000.000,4438000.000,5927000.000,14506000.000,6551000.000,26466000.000,9504000.000,10644000.000,12638000.000,11374000.000,8937000.000
IncomeLossFromContinuingOperations,-22663000.000,-29437000.000,,-22555000.000,-22579000.000,,-20607000.000,,,,,,,,,,,,,,,,
IncreaseDecreaseInAccountsPayable,,,-492000.000,,,,22000.000,,,,2209000.000,,,,983000.000,,,,-39000.000,,,,-89000.000
IncreaseDecreaseInAccountsReceivable,,,-3052000.000,,,,-813000.000,,,,637000.000,,,,1881000.000,,,,2865000.000,,,,-980000.000
IncreaseDecreaseInAccruedLiabilities,,,1220000.000,,,,-779000.000,,,,,,,,-2003000.000,,,,-3350000.000,,,,-4763000.000
IncreaseDecreaseInDeferredRevenue,,,-489000.000,,,,-423000.000,,,,,,,,,,,,,,,,
IncreaseDecreaseInInventories,,,-3094000.000,,,,607000.000,,,,-1749000.000,,,,2122000.000,,,,2119000.000,,,,149000.000
IncreaseDecreaseInOtherCurrentLiabilities,,,,,,,,,,,-2119000.000,,,,-85000.000,,,,1279000.000,,,,92000.000
IncreaseDecreaseInOtherOperatingLiabilities,,,-257000.000,,,,-288000.000,,,,-320000.000,,,,,,,,,,,,
IncreaseDecreaseInPrepaidDeferredExpenseAndOtherAssets,,,-245000.000,,,,-431000.000,,,,487000.000,,,,-43000.000,,,,-4709000.000,,,,-3377000.000
IncrementalCommonSharesAttributableToCallOptionsAndWarrants,,,,,,,,,,,,,,,,,2541000.000,,,,,,
IncrementalCommonSharesAttributableToShareBasedPaymentArrangements,,,,,,,,,,,,,,,,,2733000.000,,,,,,
InterestExpense,,,,,,,,673000.000,686000.000,,686000.000,701000.000,716000.000,725000.000,697000.000,715000.000,741000.000,773000.000,779000.000,795000.000,821000.000,839000.000,838000.000
InterestExpenseDebt,,,,,,,-359000.000,,,,,,,,,,,,,,,,
LeaseAndRentalExpense,,,,,,,,,,,,,,,,,,,,,,,1600000.000
NetCashProvidedByUsedInFinancingActivities,,,1755000.000,,,,29656000.000,,,,22957000.000,,,,2434000.000,,,,29959000.000,,,,3408000.000
NetCashProvidedByUsedInFinancingActivitiesContinuingOperations,,,1755000.000,,,,29656000.000,,,,22957000.000,,,,2434000.000,,,,29959000.000,,,,3408000.000
NetCashProvidedByUsedInInvestingActivities,,,12978000.000,,,,-5583000.000,,,,8198000.000,,,,15299000.000,,,,-23241000.000,,,,25480000.000
NetCashProvidedByUsedInInvestingActivitiesContinuingOperations,,,12978000.000,,,,-5583000.000,,,,8198000.000,,,,15299000.000,,,,-23241000.000,,,,25480000.000
NetCashProvidedByUsedInOperatingActivities,,,-17338000.000,,,,-17575000.000,,,,-16256000.000,,,,-23911000.000,,,,-20267000.000,,,,-16671000.000
NetCashProvidedByUsedInOperatingActivitiesContinuingOperations,,,-17338000.000,,,,-17575000.000,,,,-16256000.000,,,,-23911000.000,,,,-20267000.000,,,,-16671000.000
NetIncomeLoss,-22475000.000,-29281000.000,-27580000.000,-22487000.000,-22729000.000,-21669000.000,-21104000.000,-20471000.000,-20487000.000,-17231000.000,-18886000.000,-19136000.000,-9163000.000,-18975000.000,-20173000.000,-11935000.000,1821000.000,-1409000.000,-19352000.000,-18499000.000,-17494000.000,-19030000.000,-23867000.000
OperatingExpenses,30562000.000,32765000.000,27358000.000,22830000.000,22769000.000,22321000.000,21537000.000,21056000.000,21176000.000,20193000.000,20921000.000,21428000.000,21575000.000,22332000.000,25255000.000,25864000.000,3937000.000,27528000.000,28069000.000,28714000.000,29373000.000,29248000.000,32236000.000
OperatingIncomeLoss,,,-27510000.000,,,,,-19997000.000,-19935000.000,,-18245000.000,-18302000.000,-8413000.000,-17894000.000,-19328000.000,-11358000.000,2614000.000,-1062000.000,-18565000.000,-18070000.000,-16735000.000,-17874000.000,-23299000.000
OtherComprehensiveIncomeAvailableforsaleSecuritiesAdjustmentNetOfTaxPortionAttributableToParent,,,,,,,,,,,,,,,,,,,48000.000,11000.000,-29000.000,-18000.000,-8000.000
OtherComprehensiveIncomeLossAvailableForSaleSecuritiesAdjustmentNetOfTax,,,,,,,,-13000.000,13000.000,,4000.000,24000.000,-19000.000,-14000.000,7000.000,-4000.000,-6000.000,,,,,,
OtherComprehensiveIncomeUnrealizedHoldingGainLossOnSecuritiesArisingDuringPeriodNetOfTax,,,,,,,-19000.000,,,,,,,,,,,,,,,,
OtherCostOfOperatingRevenue,,,,,,,1448000.000,1667000.000,1564000.000,1377000.000,1797000.000,2028000.000,1853000.000,1888000.000,1986000.000,1995000.000,2247000.000,2400000.000,2743000.000,2988000.000,3207000.000,3104000.000,4616000.000
OtherNoncashIncomeExpense,,,-53000.000,,,,-121000.000,,,,,,,,69000.000,,,,-74000.000,,,,145000.000
OtherNonoperatingIncomeExpense,188000.000,156000.000,-70000.000,68000.000,-150000.000,25000.000,-497000.000,199000.000,134000.000,892000.000,45000.000,-133000.000,-34000.000,-356000.000,-148000.000,138000.000,-52000.000,426000.000,-8000.000,366000.000,62000.000,-317000.000,270000.000
OtherSalesRevenueNet,,,,,,,,1447000.000,1607000.000,,2081000.000,1980000.000,2165000.000,2285000.000,2741000.000,2518000.000,2751000.000,2886000.000,3152000.000,3564000.000,3472000.000,3783000.000,3621000.000
PaymentsToAcquireInvestments,,,20137000.000,,,,42466000.000,,,,36515000.000,,,,25265000.000,,,,43383000.000,,,,10419000.000
PaymentsToAcquirePropertyPlantAndEquipment,,,274000.000,,,,297000.000,,,,477000.000,,,,717000.000,,,,457000.000,,,,2668000.000
ProceedsFromDebtNetOfIssuanceCosts,,,,,,,19766000.000,,,,,,,,,,,,,,,,
ProceedsFromIssuanceOfCommonStock,,,1755000.000,,,,9890000.000,,,,2311000.000,,,,2434000.000,,,,3423000.000,,,,3408000.000
ProceedsFromIssuanceOfDebt,,,,,,,20500000.000,,,,,,,,,,,,,,,,
ProceedsFromMaturitiesPrepaymentsAndCallsOfAvailableForSaleSecurities,,,29889000.000,,,,37180000.000,,,,45190000.000,,,,34464000.000,,,,15539000.000,,,,34905000.000
ProceedsFromSaleOfAvailableForSaleSecurities,,,3500000.000,,,,,,,,,,,,6817000.000,,,,4949000.000,,,,3662000.000
ProceedsFromSaleOfPropertyPlantAndEquipment,,,,,,,,,,,,,,,,,,,111000.000,,,,
ResearchAndDevelopmentExpense,19546000.000,20001000.000,12073000.000,11272000.000,12626000.000,11652000.000,11983000.000,11682000.000,10419000.000,11133000.000,11771000.000,12435000.000,11693000.000,12331000.000,14483000.000,15043000.000,16162000.000,14752000.000,16361000.000,17522000.000,17479000.000,16255000.000,16971000.000
RevenueFromGrants,290000.000,165000.000,270000.000,180000.000,225000.000,260000.000,270000.000,,,,,,,,,,,,,,,,
RevenueRecognitionMilestoneMethodRevenueRecognized,,,,,,,,,,,0.000,,,,,,,,,,,,
Revenues,10630000.000,10519000.000,10038000.000,7291000.000,2776000.000,5878000.000,5578000.000,6048000.000,7421000.000,9134000.000,11642000.000,11425000.000,20623000.000,16904000.000,17645000.000,24939000.000,13917000.000,36281000.000,19127000.000,20747000.000,25118000.000,25722000.000,24915000.000
SalesRevenueGoodsGross,10148000.000,9819000.000,8715000.000,,,,,,,,,,,,,,,,,,,,
SalesRevenueGoodsNet,,,,5827000.000,1268000.000,,3833000.000,4601000.000,5814000.000,5791000.000,7865000.000,7749000.000,6762000.000,12923000.000,11308000.000,8825000.000,7570000.000,9799000.000,12379000.000,13587000.000,18050000.000,20593000.000,21294000.000
SalesRevenueNet,10630000.000,10519000.000,10038000.000,7291000.000,2776000.000,5878000.000,5578000.000,6048000.000,7421000.000,9134000.000,11642000.000,11425000.000,20623000.000,16904000.000,17645000.000,24939000.000,13917000.000,36281000.000,19127000.000,20747000.000,25118000.000,25722000.000,24915000.000
SalesRevenueServicesNet,,,,1284000.000,1283000.000,,1475000.000,,,,,,,,,,,,,,,,
SellingGeneralAndAdministrativeExpense,11016000.000,12764000.000,15285000.000,11558000.000,10143000.000,10669000.000,9554000.000,9374000.000,10757000.000,9060000.000,9150000.000,8993000.000,9882000.000,10001000.000,10772000.000,10821000.000,10818000.000,12776000.000,11708000.000,11192000.000,11894000.000,12993000.000,15265000.000
ShareBasedCompensation,,,2187000.000,2583000.000,2388000.000,2547000.000,2746000.000,,,,2270000.000,,,,3255000.000,,,,4581000.000,,,,4984000.000
ShareBasedCompensationArrangementByShareBasedPaymentAwardFairValueAssumptionsRiskFreeInterestRate,,,,,,,0.011,0.011,0.018,,0.019,0.019,0.019,,0.016,0.017,0.018,,,,,,
ShareBasedCompensationArrangementByShareBasedPaymentAwardFairValueAssumptionsRiskFreeInterestRateMaximum,,,,,,,,,,,,,,,,,0.007,,,,,,0.013
ShareBasedCompensationArrangementByShareBasedPaymentAwardFairValueAssumptionsWeightedAverageVolatilityRate,,,,0.650,0.600,,0.650,0.650,0.650,,0.700,0.700,0.700,,0.700,0.700,0.700,,,,,,
ShareBasedCompensationArrangementByShareBasedPaymentAwardOptionsForfeituresInPeriod,,,,,,,114000.000,,,,,,,,,,,,,,,,
ShareBasedCompensationArrangementByShareBasedPaymentAwardOptionsGrantsInPeriod,,,,,,,1840000.000,,,,,,,,,,,,,,,,
ShareBasedCompensationArrangementsByShareBasedPaymentAwardOptionsExercisesInPeriodWeightedAverageExercisePrice,,,,,,,2.520,,,,,,,,,,,,,,,,
ShareBasedCompensationArrangementsByShareBasedPaymentAwardOptionsForfeituresInPeriodWeightedAverageExercisePrice,,,,,,,5.560,,,,,,,,,,,,,,,,
ShareBasedCompensationArrangementsByShareBasedPaymentAwardOptionsGrantsInPeriodWeightedAverageExercisePrice,,,,,,,2.230,,,,,,,,,,,,,,,,
StockIssuedDuringPeriodSharesConversionOfConvertibleSecurities,,,,,,,,,,,,,,,,,,,3000000.000,,,,
StockIssuedDuringPeriodSharesEmployeeStockPurchasePlans,,,,,404274.000,,733111.000,,,,,,,,,,,,,,,,
StockIssuedDuringPeriodSharesNewIssues,,,,,,,3900000.000,,,,,,,,,,,,,,,,
StockIssuedDuringPeriodSharesStockOptionsExercised,,,,,,,1000.000,,,,,,,,,,,,,,,,
WeightedAverageNumberOfDilutedSharesOutstanding,,,,,,,,,,,,,,,,,80479000.000,,,,92110000.000,,
WeightedAverageNumberOfShareOutstandingBasicAndDiluted,,,,55658.000,55877000.000,,57372000.000,61922000.000,65523000.000,-122033000.000,67861000.000,70515000.000,70740000.000,-138641000.000,74149000.000,74733.000,,,83604000.000,88148000.000,,,92970000.000
WeightedAverageNumberOfSharesIssuedBasic,,,,55658.000,55877000.000,,,,,,,,,,,,,,,,,,
WeightedAverageNumberOfSharesOutstandingBasic,,,,,,,,,,,,,,,,,75205000.000,,,,92110000.000,,
