,2011-06-30,2011-09-30,2012-03-31,2012-06-30,2012-09-30,2012-12-31,2013-03-31,2013-06-30,2013-09-30,2013-12-31,2014-03-31,2014-06-30,2014-09-30,2014-12-31,2015-03-31,2015-06-30,2015-09-30,2015-12-31,2016-03-31
AdjustmentsToReconcileNetIncomeLossToCashProvidedByUsedInOperatingActivities,,,202432.000,,,,-118377.000,,,,229902.000,,,,-1000174.000,,,,474127.000
AllocatedShareBasedCompensationExpense,,,,132676.000,143945.000,,135782.000,104174.000,29577.000,,,23231.000,39042.000,,44669.000,31580.000,41807.000,41877.000,42599.000
AmortizationOfFinancingCosts,,,,,,,,,,,,,,,,,,,10452.000
AntidilutiveSecuritiesExcludedFromComputationOfEarningsPerShareAmount,,,,,,,13310062.000,,,,961532.000,,1016629.000,,1019530.000,,,,1051499.000
CashAndCashEquivalentsPeriodIncreaseDecrease,,,-446668.000,,,,-1258747.000,,,,-493058.000,,,,-1652631.000,,,,-124960.000
CostOfGoodsAndServicesSold,2031907.000,1772181.000,2291245.000,1991924.000,1866161.000,1562379.000,1747295.000,1936594.000,1411748.000,1659510.000,1595111.000,1708378.000,1812618.000,1974507.000,1839865.000,2009764.000,1858294.000,2209891.000,2240411.000
CostOfReimbursableExpense,276672.000,221103.000,408500.000,237545.000,233137.000,133535.000,249756.000,160070.000,83342.000,214535.000,106032.000,106699.000,238828.000,168625.000,173221.000,164535.000,161354.000,224173.000,172667.000
CostOfServices,1755235.000,1551078.000,1882745.000,1754379.000,1633024.000,1428844.000,1497539.000,1776524.000,1328406.000,1444975.000,1489079.000,1601679.000,1573790.000,1805882.000,1666644.000,1845229.000,1696940.000,1985718.000,2067744.000
DebtIssuanceCosts,,,,,,,,,,,,,,,,,6968.000,,10452.000
DepreciationAndAmortization,113224.000,113614.000,111619.000,106991.000,101393.000,100730.000,96313.000,90554.000,88863.000,90797.000,86502.000,75526.000,74106.000,78115.000,96972.000,106020.000,101459.000,109624.000,104934.000
DepreciationDepletionAndAmortization,,,111619.000,,,,96313.000,,,,86502.000,,,,96972.000,,,,104933.000
DividendsPreferredStock,12000.000,12000.000,12000.000,41333.000,42000.000,42000.000,42000.000,42000.000,42000.000,42000.000,42000.000,42000.000,42000.000,42000.000,42000.000,42000.000,42000.000,42000.000,42000.000
DividendsPreferredStockCash,,,-12000.000,-41333.000,-42000.000,,,,,,,,,,,,,,
DividendsPreferredStockPaidinkind,,,,41333.000,,,42000.000,,,,0.000,,,,,,,,
EarningsPerShareBasic,,,,-0.060,0.000,,,0.000,,,,-0.260,,,,,,,
EarningsPerShareBasicAndDiluted,0.010,0.020,-0.020,-0.060,0.000,-0.040,-0.040,0.000,-0.270,-0.670,-0.230,-0.260,-0.330,-0.380,-0.200,-0.200,-0.020,0.020,-0.180
EarningsPerShareDiluted,,,,-0.060,0.000,,,0.000,,,,-0.260,,,,,,,
FairValueAssumptionsExpectedDividendRate,,,,,,,0.000,,,,,,,,,,,,
FairValueAssumptionsExpectedVolatilityRate,,,,,,,0.522,,,,,,,,,,,,
FairValueAssumptionsRiskFreeInterestRate,,,,,,,0.002,,,,,,,,,,,,
GainLossOnDerivativeInstrumentsNetPretax,173335.000,548420.000,-394912.000,,,,4870.000,,,,,,,,,,,,
GeneralAndAdministrativeExpense,856983.000,751315.000,800627.000,717690.000,684052.000,857366.000,995372.000,768251.000,747708.000,1237799.000,687002.000,807642.000,957795.000,897440.000,799386.000,779382.000,673960.000,709074.000,1415685.000
GrossProfit,1821018.000,1496626.000,1410914.000,1343937.000,1462056.000,1034548.000,785292.000,1770083.000,816129.000,1047400.000,757875.000,940369.000,928623.000,735003.000,974577.000,1009362.000,1366113.000,1449018.000,1615091.000
IncomeLossFromContinuingOperationsPerBasicShare,,,,0.000,0.000,,,,,,,,,,,,,,
IncomeLossFromContinuingOperationsPerDilutedShare,,,,0.000,0.000,,,,,,,,,,,,,,
IncreaseDecreaseInAccountsPayableAndAccruedLiabilities,,,163357.000,,,,135060.000,,,,112182.000,,,,-273228.000,,,,490691.000
IncreaseDecreaseInAccountsReceivable,,,582652.000,,,,406477.000,,,,-82278.000,,,,283370.000,,,,230617.000
IncreaseDecreaseInDeferredRevenue,,,359910.000,,,,-24210.000,,,,283959.000,,,,-195033.000,,,,-265402.000
IncreaseDecreaseInEmployeeRelatedLiabilities,,,-337547.000,,,,-50177.000,,,,-341639.000,,,,-266998.000,,,,316545.000
IncreaseDecreaseInPrepaidDeferredExpenseAndOtherAssets,,,96434.000,,,,16990.000,,,,34768.000,,,,123186.000,,,,-4926.000
IncrementalCommonSharesAttributableToCallOptionsAndWarrants,,,,,,,,,,,,0.000,,,,,,,
IncrementalCommonSharesAttributableToConversionOfPreferredStock,,,,,,,,,,,,2992853.000,,,,,,,
InterestExpense,,,,,,,,,,,,,,,,,4332.000,,13002.000
InterestPaid,,,,,,,,,,,,,,,,,,,13002.000
NetCashProvidedByUsedInFinancingActivities,,,-12000.000,,,,0.000,,,,-42000.000,,,,-42000.000,,,,-68170.000
NetCashProvidedByUsedInFinancingActivitiesContinuingOperations,,,-12000.000,,,,0.000,,,,-42000.000,,,,-42000.000,,,,-68170.000
NetCashProvidedByUsedInInvestingActivities,,,-23556.000,,,,-27422.000,,,,-34587.000,,,,-57787.000,,,,-25758.000
NetCashProvidedByUsedInInvestingActivitiesContinuingOperations,,,-23556.000,,,,-27422.000,,,,-34587.000,,,,-57787.000,,,,-25758.000
NetCashProvidedByUsedInOperatingActivities,,,-411112.000,,,,-1231325.000,,,,-416471.000,,,,-1552844.000,,,,-31032.000
NetCashProvidedByUsedInOperatingActivitiesContinuingOperations,,,-411112.000,,,,-1231325.000,,,,-416471.000,,,,-1552844.000,,,,-31032.000
NetIncomeLoss,327650.000,562926.000,-613544.000,-62966.000,-79249.000,-772893.000,-1112948.000,134286.000,-751322.000,-1014557.000,-646373.000,-731531.000,-955523.000,-1088996.000,-552670.000,-546992.000,-24779.000,82320.000,-505159.000
NetIncomeLossAvailableToCommonStockholdersBasic,315650.000,550926.000,-625544.000,-1911218.000,-121249.000,-814893.000,-1154948.000,92286.000,-793322.000,-1056557.000,-688373.000,-773531.000,-997523.000,-1130996.000,-594670.000,-588992.000,-66779.000,40320.000,-547159.000
NetIncomeLossAvailableToCommonStockholdersDiluted,,,,-1911218.000,-121249.000,,,92286.000,,,,-773531.000,,,,,,,
NonoperatingIncomeExpense,169621.000,543367.000,-394764.000,103728.000,-25956.000,31407.000,4508.000,2915.000,-6308.000,18075.000,229.000,364.000,397.000,150.000,-655.000,-11517.000,-13614.000,-23720.000,-23557.000
OperatingExpenses,1662989.000,1477067.000,1629694.000,1510631.000,1515349.000,1838848.000,1902748.000,1638712.000,1561143.000,2080032.000,1404477.000,1672264.000,1884543.000,1824149.000,1526592.000,1544837.000,1377278.000,1342978.000,2096693.000
OperatingIncomeLoss,158029.000,19559.000,-218780.000,-166694.000,-53293.000,-804300.000,-1117456.000,131371.000,-745014.000,-1032632.000,-646602.000,-731895.000,-955920.000,-1089146.000,-552015.000,-535475.000,-11165.000,106040.000,-481602.000
OtherIncome,13006.000,1671.000,416.000,715.000,1044.000,1228.000,1010.000,3342.000,1030.000,1028.000,1037.000,1051.000,1030.000,1119.000,259.000,661.000,15.000,496.000,53.000
OtherNonoperatingExpense,16720.000,6724.000,268.000,5446.000,7206.000,11481.000,1372.000,9510.000,6680.000,-14465.000,808.000,687.000,633.000,969.000,914.000,12178.000,2329.000,2357.000,156.000
PaymentsOfDividendsPreferredStockAndPreferenceStock,,,,,,,0.000,,,,42000.000,,,,42000.000,,,,42000.000
PaymentsToAcquireIntangibleAssets,,,505.000,,,,4353.000,,,,6024.000,,,,4905.000,,,,4691.000
PaymentsToAcquirePropertyPlantAndEquipment,,,23051.000,,,,23069.000,,,,28563.000,,,,52882.000,,,,21067.000
PreferredStockDividendsPerShareCashPaid,,,,0.000,0.000,,,,,,,,,,,,,,
ProceedsFromWarrantExercises,,,0.000,,,,,,,,,,,,,,,,
ReimbursementRevenue,276672.000,221103.000,408500.000,237545.000,233137.000,133535.000,249756.000,160070.000,83342.000,214535.000,106032.000,106699.000,238828.000,168625.000,173221.000,164535.000,161354.000,224173.000,172667.000
RepaymentsOfDebtAndCapitalLeaseObligations,,,,,,,,,,,,,,,,,,,10542.000
RepaymentsOfNotesPayable,,,,,,,,,,,,,,,,,,,15628.000
ResearchAndDevelopmentExpense,382464.000,352454.000,381235.000,375441.000,414913.000,431588.000,453411.000,349754.000,376595.000,330961.000,285896.000,306289.000,307470.000,345609.000,349837.000,298456.000,324669.000,310359.000,306271.000
RevenueFromRelatedParties,,,,368737.000,382913.000,,,,,,,19640.000,46177.000,,98664.000,125390.000,179044.000,198528.000,283477.000
Revenues,3865931.000,3270478.000,3702575.000,3336576.000,3329261.000,2598155.000,2533597.000,3710019.000,2228907.000,2707938.000,2354023.000,2649798.000,2742271.000,2710629.000,2814701.000,3019787.000,3224422.000,3659405.000,3855555.000
SalesRevenueNet,3852925.000,3268807.000,3702159.000,3335861.000,3328217.000,2596927.000,2532587.000,3706677.000,2227877.000,2706910.000,2352986.000,2648747.000,2741241.000,2709510.000,2814442.000,3019126.000,3224407.000,3658909.000,3855502.000
SalesRevenueServicesNet,3576253.000,3047704.000,3293659.000,3098316.000,3095080.000,2463392.000,2282831.000,3546607.000,2144535.000,2492375.000,2246954.000,2542048.000,2502413.000,2540885.000,2641221.000,2854591.000,3063053.000,3434736.000,3682835.000
SellingAndMarketingExpense,310318.000,259684.000,336213.000,310509.000,314991.000,449164.000,357652.000,430153.000,347977.000,420475.000,345077.000,482807.000,545172.000,502985.000,280397.000,360979.000,277190.000,213921.000,269803.000
SettlementOfAssetRetirementObligationsThroughNoncashPaymentsAmount,,,,,,,,,,,,,,,,,,,44943.000
ShareBasedCompensation,,,189267.000,,,,140787.000,,,,41388.000,,,,44669.000,,,,42599.000
ShareBasedCompensationArrangementByShareBasedPaymentAwardEquityInstrumentsOtherThanOptionsForfeitedInPeriod,,,,,,,0.000,,,,0.000,,,,,,,,
ShareBasedCompensationArrangementByShareBasedPaymentAwardEquityInstrumentsOtherThanOptionsGrantsInPeriod,,,,,,,159272.000,,,,0.000,,,,,,,,
ShareBasedCompensationArrangementByShareBasedPaymentAwardEquityInstrumentsOtherThanOptionsGrantsInPeriodWeightedAverageGrantDateFairValue,,,,,,,0.740,,,,,,,,,,,,
ShareBasedCompensationArrangementByShareBasedPaymentAwardEquityInstrumentsOtherThanOptionsVestedInPeriod,,,,,,,0.000,,,,984.000,,,,,,,,
ShareBasedCompensationArrangementByShareBasedPaymentAwardEquityInstrumentsOtherThanOptionsVestedInPeriodWeightedAverageGrantDateFairValue,,,,,,,,,,,7.400,,,,,,,,
ShareBasedCompensationArrangementByShareBasedPaymentAwardFairValueAssumptionsExpectedDividendRate,,,,,,,0.000,,,,0.000,,,,0.000,,0.000,,0.000
ShareBasedCompensationArrangementByShareBasedPaymentAwardFairValueAssumptionsExpectedVolatilityRate,,,,,,,0.683,,,,0.645,,,,0.635,,0.609,,0.671
ShareBasedCompensationArrangementByShareBasedPaymentAwardFairValueAssumptionsRiskFreeInterestRate,,,,,,,0.013,,,,0.019,,,,0.018,,0.017,,0.016
ShareBasedCompensationArrangementByShareBasedPaymentAwardOptionsExpirationsInPeriod,,,,,,,26886.000,,,,316.000,,,,11167.000,,,,450.000
ShareBasedCompensationArrangementByShareBasedPaymentAwardOptionsForfeituresInPeriod,,,,,,,5500.000,,,,179829.000,,,,1748.000,,,,1074.000
ShareBasedCompensationArrangementByShareBasedPaymentAwardOptionsGrantsInPeriod,,,,,,,12000.000,,,,1250.000,,,,13000.000,,,,10950.000
ShareBasedCompensationArrangementByShareBasedPaymentAwardOptionsGrantsInPeriodWeightedAverageGrantDateFairValue,,,,,,,,,,,,,,,28924.000,,159993.000,,
ShareBasedCompensationArrangementsByShareBasedPaymentAwardOptionsExpirationsInPeriodWeightedAverageExercisePrice,,,,,,,2.240,,,,23.600,,,,10.100,,,,12.000
ShareBasedCompensationArrangementsByShareBasedPaymentAwardOptionsForfeituresInPeriodWeightedAverageExercisePrice,,,,,,,1.290,,,,10.220,,,,11.280,,,,7.410
ShareBasedCompensationArrangementsByShareBasedPaymentAwardOptionsGrantsInPeriodWeightedAverageExercisePrice,,,,,,,0.740,,,,3.400,,,,3.780,,,,3.100
StockIssuedDuringPeriodSharesStockOptionsExercised,,,,,,,,,,,,,,,0.000,,,,0.000
UnrealizedGainLossOnDerivatives,,,,108459.000,-19794.000,,4870.000,9083.000,-658.000,2582.000,,,,,,,,,
WeightedAverageNumberOfDilutedSharesOutstanding,36964760.000,32524658.000,,29706704.000,29747762.000,,,34671384.000,,,,2992853.000,,,,,,,
WeightedAverageNumberOfShareOutstandingBasicAndDiluted,,,,,,,29799523.000,,2979952.000,,2991990.000,,2994590.000,,2994928.000,2994928.000,2994928.000,-5987285.000,3011534.000
WeightedAverageNumberOfSharesIssuedBasic,,,,,,,,29799523.000,,,,,,,,,,,
WeightedAverageNumberOfSharesOutstandingBasic,29045428.000,29329816.000,,29706704.000,29747762.000,,,29799523.000,,,,2992853.000,,,,,,,
