,2011-06-30,2011-09-30,2012-03-31,2012-06-30,2012-09-30,2012-12-31,2013-03-31,2013-06-30,2013-09-30,2014-09-30,2015-06-30,2016-06-30,2016-09-30,2017-03-31
AmortizationOfDebtDiscountPremium,,,,,,,,,,,,,,83650.000
AntidilutiveSecuritiesExcludedFromComputationOfEarningsPerShareAmount,,,,,,,,,,,,,,2187000013.000
CashPeriodIncreaseDecrease,,,275.000,,,,87.000,,,,,,,15043.000
CostOfGoodsAndServicesSold,,,7599.000,831.000,,,,,,,,,,
CostOfGoodsSold,,,,,,,,,,0.000,,22.000,133.000,132.000
CostOfRevenue,143500.000,25097.000,,,,,,,,,,,,
DerivativeGainLossOnDerivativeNet,,,,,,,,,,,,469340.000,95947.000,0.000
DilutiveSecuritiesEffectOnBasicEarningsPerShareOther,,,,,,,,,,,,,,-621098.000
EarningsPerShareBasic,,,,,,,,,,,,0.000,0.000,0.000
EarningsPerShareBasicAndDiluted,,-0.010,-0.000,-0.000,-0.000,-0.010,-0.000,0.000,-0.000,0.000,-0.010,,,
EarningsPerShareDiluted,,,,,,,,,,,,0.000,0.000,0.000
FairValueNetDerivativeAssetLiabilityMeasuredOnRecurringBasisUnobservableInputsReconciliationGainLossIncludedInEarnings,,,,,,,,,,,,,,0.000
GainLossOnDerivativeInstrumentsNetPretax,,,,,,,,,,-561296.000,-1287444.000,,,
GainsLossesOnExtinguishmentOfDebt,,,,,,,,,,,-18151.000,,,-1094054.000
GainsLossesOnSalesOfAssets,,,,,,,,,,,0.000,,,
GrossProfit,39227.000,22434.000,62536.000,286.000,,,,,,,,9.000,37.000,72.000
IncomeLossFromContinuingOperations,,,,,,,,,,,-716376.000,,,
IncomeLossFromContinuingOperationsBeforeIncomeTaxesExtraordinaryItemsNoncontrollingInterest,-59285.000,-226781.000,-11708.000,-70802.000,-62534.000,38257.000,-33346.000,-21451.000,-26643.000,-597376.000,,304325.000,-158353.000,-681915.000
IncomeLossFromContinuingOperationsPerBasicAndDilutedShare,0.000,,,,,,,,,,,,,
IncomeTaxExpenseBenefit,,,,,,,,,,,,0.000,0.000,0.000
IncomeTaxesPaidNet,,,,,,,,,,,,,,0.000
IncreaseDecreaseInAccountsPayable,,,-7920.000,,,,14592.000,,,,,,,-18232.000
IncreaseDecreaseInAccountsReceivable,,,-21769.000,,,,,,,,,,,164.000
IncreaseDecreaseInAccruedLiabilities,,,37440.000,,,,7764.000,,,,,,,-11769.000
IncreaseDecreaseInInventories,,,7489.000,,,,,,,,,,,13868.000
IncreaseDecreaseInPrepaidExpense,,,2628.000,,,,-203.000,,,,,,,
InterestExpense,8265.000,7247.000,7522.000,6515.000,8597.000,7855.000,7764.000,8019.000,153.000,-61251.000,-12284.000,47954.000,160170.000,60606.000
InterestPaidNet,,,,,,,,,,,,,,0.000
InventoryWriteDown,,90262.000,-2970.000,,,,,,,,,,,
LaborAndRelatedExpense,,,,,,,,,,,,,,30000.000
NetCashProvidedByUsedInFinancingActivities,,,-2915.000,,,,11280.000,,,,,,,131000.000
NetCashProvidedByUsedInFinancingActivitiesContinuingOperations,,,-2915.000,,,,11280.000,,,,,,,131000.000
NetCashProvidedByUsedInInvestingActivities,,,,,,,,,,,,,,0.000
NetCashProvidedByUsedInInvestingActivitiesContinuingOperations,,,,,,,,,,,,,,0.000
NetCashProvidedByUsedInOperatingActivities,,,3190.000,,,,-11193.000,,,,,,,-115957.000
NetCashProvidedByUsedInOperatingActivitiesContinuingOperations,,,3190.000,,,,-11193.000,,,,,,,-115957.000
NetIncomeLoss,59285.000,-226781.000,-11708.000,-70802.000,-62534.000,38257.000,-33346.000,-21451.000,-26643.000,-597376.000,,304325.000,-158353.000,-681915.000
NonoperatingIncomeExpense,,,-7522.000,-6515.000,-8597.000,-7855.000,-7764.000,-8019.000,-153.000,,,,,
OperatingExpenses,90247.000,241968.000,66722.000,64573.000,53937.000,-44712.000,25582.000,13432.000,26490.000,21016.000,716376.000,80048.000,94167.000,97706.000
OperatingIncomeLoss,-51020.000,-219534.000,-4186.000,-64287.000,-53937.000,46112.000,-25582.000,-13432.000,-26490.000,-21016.000,,-80039.000,-94130.000,-97634.000
OtherExpenses,,,,,,,,,,-576360.000,,,,
OtherNoncashExpense,,,,,,,,,,,,,,2666.000
OtherNoncashIncomeExpense,,,,,,,,,,,-1317879.000,-37022.000,0.000,
OtherNonoperatingIncomeExpense,,,,,,,,,,,,384364.000,-64223.000,-584281.000
PaymentsToAcquirePropertyPlantAndEquipment,,,,,,,,,,,,,,0.000
ProceedsFromContributedCapital,,,4500.000,,,,1500.000,,,,,,,
ProceedsFromConvertibleDebt,,,,,,,,,,,,,,131000.000
ProceedsFromRelatedPartyDebt,,,20580.000,,,,9780.000,,,,,,,
ProfitLoss,,,,,,,,,,,-2034255.000,,,
RepaymentsOfRelatedPartyDebt,,,27995.000,,,,,,,,,,,
Revenues,182727.000,47531.000,70135.000,1117.000,,,,,,,,31.000,170.000,204.000
SalesRevenueNet,182727.000,47531.000,70135.000,1117.000,,,,,,,,31.000,170.000,204.000
SellingGeneralAndAdministrativeExpense,90247.000,151706.000,66722.000,64573.000,53937.000,-74455.000,25582.000,13432.000,26490.000,21016.000,716376.000,80048.000,94167.000,67706.000
StockIssuedDuringPeriodValueConversionOfConvertibleSecurities,,,,,,,,,,,,,,427165.000
UnrealizedGainLossOnDerivatives,,,,,,,,,,,,,,570379.000
WeightedAverageNumberOfDilutedSharesOutstanding,,,,,,,,,,402284382.000,,1280008559.000,1017351337.000,2540764931.000
WeightedAverageNumberOfShareOutstandingBasicAndDiluted,,,18781000.000,18781000.000,18781000.000,-37562000.000,18781000.000,18781000.000,18781000.000,,141038028.000,,,
WeightedAverageNumberOfSharesOutstandingBasic,,,,,,,,,,402284382.000,,165171328.000,125820141.000,353764918.000
