,2012-03-31,2012-06-30,2012-09-30,2012-12-31,2013-03-31,2013-06-30,2013-09-30,2013-12-31,2014-03-31,2014-06-30,2014-09-30,2014-12-31,2015-03-31,2015-06-30,2015-09-30,2015-12-31,2016-03-31,2016-06-30,2016-09-30,2016-12-31,2017-03-31,2017-06-30
AllocatedShareBasedCompensationExpense,,1263000.000,1458000.000,,1699000.000,1452000.000,1585000.000,,,,,,,,,,,,,,,
AmortizationOfFinancingCosts,44000.000,,,,,,,,,,,,,,,,,,,,,
AmortizationOfLeasedAsset,,,,,,,,,,,,,,,58000.000,,,,,,,
AntidilutiveSecuritiesExcludedFromComputationOfEarningsPerShareAmount,,,,,,,,,,4506000.000,4879000.000,,,,,,,,,,,
BusinessAcquisitionsProFormaNetIncomeLoss,,,-4322000.000,,,,,,-4322000.000,-3999000.000,-3246000.000,-3659000.000,,,,,,,,,,
BusinessAcquisitionsProFormaRevenue,,,22334000.000,,,,,,31646000.000,31003000.000,31527000.000,31382000.000,,,,,,,,,,
BusinessCombinationAcquisitionRelatedCosts,,479000.000,756000.000,,545000.000,546000.000,370000.000,608000.000,1867000.000,521000.000,623000.000,64000.000,14000.000,62000.000,62000.000,63000.000,21000.000,,,,,
CashAndCashEquivalentsPeriodIncreaseDecrease,43420000.000,,,,-1615000.000,,,,-13283000.000,,,,-1009000.000,,,,1655000.000,,,,-7645000.000,
ComprehensiveIncomeNetOfTax,-3786000.000,-4232000.000,-489000.000,-5163000.000,-4786000.000,-3779000.000,-1234000.000,-1488000.000,-4722000.000,-4245000.000,-4044000.000,-4205000.000,-2776000.000,-3654000.000,-1260000.000,-2000.000,-1749000.000,-2488000.000,-1631000.000,-4402000.000,-4893000.000,-7601000.000
ComprehensiveIncomeNetOfTaxAttributableToNoncontrollingInterest,52000.000,150000.000,220000.000,312000.000,20000.000,,,,,,,,,,,,,,,,,
ComprehensiveIncomeNetOfTaxIncludingPortionAttributableToNoncontrollingInterest,-3734000.000,-4082000.000,-269000.000,-4851000.000,-4766000.000,-3779000.000,-1234000.000,-1488000.000,-4722000.000,-4245000.000,-4044000.000,-4205000.000,,,,,,,,,,
ConversionOfStockAmountConverted1,106451000.000,,,,,,,,,,,,,,,,,,,,,
CostOfGoodsSoldSubscription,,,,,,,7047000.000,,9520000.000,9109000.000,9467000.000,9919000.000,10346000.000,10357000.000,10314000.000,10718000.000,11675000.000,11675000.000,11691000.000,12970000.000,12154000.000,13102000.000
CostOfRevenue,6364000.000,6444000.000,6973000.000,7603000.000,8414000.000,9172000.000,9248000.000,9956000.000,11267000.000,10424000.000,10819000.000,11223000.000,11592000.000,11558000.000,11512000.000,11815000.000,13264000.000,13453000.000,13777000.000,15353000.000,15218000.000,16578000.000
DepreciationDepletionAndAmortization,824000.000,,,,1535000.000,,,,1826000.000,,,,2429000.000,,,,2014000.000,,,,1734000.000,
EarningsPerShareBasicAndDiluted,,,,,,,-0.040,,-0.160,-0.130,-0.120,-0.120,-0.090,-0.110,-0.040,0.010,-0.050,-0.070,-0.050,-0.130,-0.150,-0.220
EffectOfExchangeRateOnCashAndCashEquivalents,-149000.000,,,,-559000.000,,,,120000.000,,,,-44000.000,,,,203000.000,,,,220000.000,
GainLossOnSaleOfPropertyPlantEquipment,-83000.000,,,,-1000.000,,,,,,,,,,,,,,,,,
GeneralAndAdministrativeExpense,3637000.000,4274000.000,3855000.000,4968000.000,4626000.000,4754000.000,4460000.000,4638000.000,4714000.000,5148000.000,4735000.000,4539000.000,5161000.000,5209000.000,4391000.000,5101000.000,4577000.000,4487000.000,5126000.000,4977000.000,5391000.000,5876000.000
GrossProfit,13580000.000,15176000.000,15098000.000,16735000.000,16307000.000,17729000.000,19279000.000,19790000.000,19838000.000,20579000.000,20708000.000,20159000.000,21293000.000,21290000.000,22325000.000,23321000.000,23028000.000,23507000.000,24612000.000,23272000.000,22354000.000,22175000.000
IncomeLossFromContinuingOperationsBeforeIncomeTaxesExtraordinaryItemsNoncontrollingInterest,-3505000.000,-4159000.000,-3671000.000,-4606000.000,-4171000.000,-3466000.000,-1213000.000,-1180000.000,-4770000.000,-4271000.000,-3724000.000,-3868000.000,-2765000.000,-3580000.000,-1152000.000,308000.000,-1562000.000,-2302000.000,-1557000.000,-4155000.000,-4994000.000,-7570000.000
IncomeTaxExpenseBenefit,29000.000,29000.000,-3280000.000,-267000.000,38000.000,56000.000,55000.000,63000.000,67000.000,56000.000,81000.000,56000.000,66000.000,66000.000,123000.000,136000.000,45000.000,96000.000,61000.000,208000.000,79000.000,108000.000
IncreaseDecreaseInAccountsPayable,-636000.000,,,,819000.000,,,,-1769000.000,,,,789000.000,,,,-1039000.000,,,,695000.000,
IncreaseDecreaseInAccountsReceivable,1377000.000,,,,2717000.000,,,,40000.000,,,,-1993000.000,,,,-541000.000,,,,1011000.000,
IncreaseDecreaseInAccruedLiabilities,135000.000,,,,-1958000.000,,,,-4095000.000,,,,-2540000.000,,,,844000.000,,,,-3870000.000,
IncreaseDecreaseInDeferredRevenue,1006000.000,,,,3103000.000,,,,2948000.000,,,,-563000.000,,,,2917000.000,,,,1102000.000,
IncreaseDecreaseInOtherOperatingAssets,-299000.000,,,,-20000.000,,,,-861000.000,,,,226000.000,,,,156000.000,,,,-37000.000,
IncreaseDecreaseInPrepaidDeferredExpenseAndOtherAssets,599000.000,,,,,,,,1602000.000,,,,534000.000,,,,2069000.000,,,,2221000.000,
IncreaseDecreaseInRestrictedCash,,,,,-60000.000,,,,-113000.000,,,,,,,,,,,,,
IncrementalCommonSharesAttributableToCallOptionsAndWarrants,,34000.000,31000.000,,28000.000,28000.000,28000.000,,,,,,,,,,,,,,,
IncrementalCommonSharesAttributableToConversionOfPreferredStock,,0.000,,,,,,,,,,,,,,,,,,,,
IncrementalCommonSharesAttributableToShareBasedPaymentArrangements,,220000.000,271000.000,,1419000.000,1378000.000,1371000.000,,,,,,,,,,,,,,,
InvestmentIncomeAmortizationOfPremium,,,,,34000.000,,,,1000.000,,,,,,,,,,,,,
NetCashProvidedByUsedInFinancingActivities,50104000.000,,,,-976000.000,,,,-105000.000,,,,-273000.000,,,,235000.000,,,,-289000.000,
NetCashProvidedByUsedInFinancingActivitiesContinuingOperations,50104000.000,,,,-976000.000,,,,-105000.000,,,,-273000.000,,,,235000.000,,,,-289000.000,
NetCashProvidedByUsedInInvestingActivities,-3766000.000,,,,2734000.000,,,,-8364000.000,,,,-738000.000,,,,-1778000.000,,,,-981000.000,
NetCashProvidedByUsedInInvestingActivitiesContinuingOperations,-3766000.000,,,,2734000.000,,,,-8364000.000,,,,-738000.000,,,,-1778000.000,,,,-981000.000,
NetCashProvidedByUsedInOperatingActivities,-2769000.000,,,,-2814000.000,,,,-4934000.000,,,,46000.000,,,,2995000.000,,,,-6595000.000,
NetCashProvidedByUsedInOperatingActivitiesContinuingOperations,-2769000.000,,,,-2814000.000,,,,-4934000.000,,,,46000.000,,,,2995000.000,,,,-6595000.000,
NetIncomeLoss,-3586000.000,-4338000.000,-611000.000,-4651000.000,-4229000.000,-3522000.000,-1268000.000,-1243000.000,-4837000.000,-4327000.000,-3805000.000,-3924000.000,-2831000.000,-3646000.000,-1275000.000,172000.000,-1607000.000,-2398000.000,-1618000.000,-4363000.000,-5073000.000,-7678000.000
NetIncomeLossAttributableToNoncontrollingInterest,52000.000,150000.000,220000.000,-1156000.000,20000.000,,,,,,,,,,,,,,,,,
NetIncomeLossAvailableToCommonStockholdersBasic,-4319000.000,-4338000.000,-611000.000,-4651000.000,-4229000.000,-3522000.000,-1268000.000,-1243000.000,,,,,,,,,,,,,,
NonoperatingIncomeExpense,,,,,,,,,-112000.000,-294000.000,-614000.000,-420000.000,-224000.000,-429000.000,-127000.000,522000.000,,,,,,
OperatingExpenses,16822000.000,19062000.000,18811000.000,21341000.000,20179000.000,21031000.000,20596000.000,20793000.000,24496000.000,24556000.000,23818000.000,23607000.000,23834000.000,24441000.000,23350000.000,23535000.000,24559000.000,25718000.000,26164000.000,26956000.000,27486000.000,30059000.000
OperatingIncomeLoss,-3242000.000,-3886000.000,-3713000.000,-4606000.000,-3872000.000,-3302000.000,-1317000.000,-1003000.000,-4658000.000,-3977000.000,-3110000.000,-3448000.000,-2541000.000,-3151000.000,-1025000.000,-214000.000,-1531000.000,-2211000.000,-1552000.000,-3684000.000,-5132000.000,-7884000.000
OtherComprehensiveIncomeForeignCurrencyTransactionAndTranslationAdjustmentNetOfTaxPeriodIncreaseDecrease,-200000.000,,,,,,,,,,,,,,,,,,,,,
OtherComprehensiveIncomeLossForeignCurrencyTransactionAndTranslationAdjustmentNetOfTax,,106000.000,122000.000,,-557000.000,-257000.000,34000.000,-245000.000,115000.000,82000.000,-239000.000,-281000.000,55000.000,-8000.000,15000.000,-174000.000,-142000.000,-90000.000,-13000.000,-39000.000,180000.000,77000.000
OtherComprehensiveIncomeLossNetOfTax,,106000.000,122000.000,,-557000.000,-257000.000,34000.000,-245000.000,,,,,,,,,,,,,,
OtherComprehensiveIncomeLossNetOfTaxPeriodIncreaseDecrease,-200000.000,,,,,,,,,,,,,,,,,,,,,
OtherCostOfOperatingRevenue,,,,,,,2201000.000,,1747000.000,1315000.000,1352000.000,1304000.000,1246000.000,1201000.000,1198000.000,1097000.000,1589000.000,1778000.000,2086000.000,2383000.000,3064000.000,3476000.000
OtherNonoperatingIncomeExpense,-263000.000,-273000.000,42000.000,135000.000,-299000.000,-164000.000,104000.000,-235000.000,,,,,,,,,-31000.000,-91000.000,-5000.000,-507000.000,138000.000,314000.000
OtherSalesRevenueNet,,,,,,,1992000.000,,1730000.000,1074000.000,1077000.000,812000.000,1074000.000,931000.000,653000.000,1038000.000,1639000.000,1880000.000,2186000.000,2539000.000,3330000.000,3225000.000
PaymentsForMergerRelatedCosts,,,,,,,370000.000,,,,,,,,,,,,,,,
PaymentsRelatedToTaxWithholdingForShareBasedCompensation,,,,,,,,,,,,,,,,,86000.000,,,,118000.000,
PaymentsToAcquireBusinessesGross,,,,,,,,,9100000.000,,,,,,,,,,,,,
PaymentsToAcquireBusinessesNetOfCashAcquired,,,,,,,,,9100000.000,,,,,,,,,,,,,
PaymentsToAcquireIntangibleAssets,,,,,,,,,,,,,,,,,125000.000,,,,,
PaymentsToAcquirePropertyPlantAndEquipment,3742000.000,,,,126000.000,,,,206000.000,,,,581000.000,,,,843000.000,,,,378000.000,
PaymentsToDevelopSoftware,24000.000,,,,,,,,571000.000,,,,157000.000,,,,810000.000,,,,603000.000,
ProceedsFromIssuanceInitialPublicOffering,56923000.000,,,,,,,,,,,,,,,,,,,,,
ProceedsFromMaturitiesPrepaymentsAndCallsOfHeldToMaturitySecurities,,,,,,,,,1400000.000,,,,,,,,,,,,,
ProceedsFromPaymentsToMinorityShareholders,,,,,-1084000.000,,,,,,,,,,,,,,,,,
ProceedsFromShortTermDebt,,,,,,,,,,,,,,,,,604000.000,,,,,
ProceedsFromStockOptionsExercised,181000.000,,,,108000.000,,,,117000.000,,,,46000.000,,,,43000.000,,,,79000.000,
ProfitLoss,-3534000.000,-4188000.000,-391000.000,-4339000.000,-4209000.000,-3522000.000,-1268000.000,-1243000.000,-4837000.000,-4327000.000,-3805000.000,-3924000.000,,,,,,,,,,
ProvisionForDoubtfulAccounts,67000.000,,,,27000.000,,,,23000.000,,,,76000.000,,,,91000.000,,,,222000.000,
RepaymentsOfDebtAndCapitalLeaseObligations,,,,,,,,,222000.000,,,,319000.000,,,,278000.000,,,,174000.000,
RepaymentsOfLongTermDebt,7000000.000,,,,,,,,,,,,,,,,,,,,,
RepaymentsOfShortTermDebt,,,,,,,,,,,,,,,,,48000.000,,,,76000.000,
ResearchAndDevelopmentExpense,4177000.000,4564000.000,4771000.000,5213000.000,5061000.000,4982000.000,5607000.000,5402000.000,6569000.000,6792000.000,7187000.000,7704000.000,7820000.000,7267000.000,7233000.000,6982000.000,7426000.000,7255000.000,7704000.000,7786000.000,8194000.000,8279000.000
RestructuringAndRelatedCostIncurredCost,,,,,2667000.000,,,,,,,,,,,,,,,,,
RevenueFromRelatedParties,987000.000,899000.000,965000.000,665000.000,42000.000,,,,,,,,,,,,,,,,,
Revenues,19944000.000,21620000.000,22071000.000,24338000.000,24721000.000,26901000.000,28527000.000,29746000.000,31105000.000,31003000.000,31527000.000,31382000.000,32885000.000,32848000.000,33837000.000,35136000.000,36292000.000,36960000.000,38389000.000,38625000.000,37572000.000,38753000.000
SalesRevenueNet,19944000.000,21620000.000,22071000.000,24338000.000,24721000.000,26901000.000,28527000.000,29746000.000,31105000.000,31003000.000,31527000.000,31382000.000,32885000.000,32848000.000,33837000.000,35136000.000,36292000.000,36960000.000,38389000.000,38625000.000,37572000.000,38753000.000
SellingAndMarketingExpense,9008000.000,9745000.000,9429000.000,10543000.000,9947000.000,10749000.000,10159000.000,10145000.000,11346000.000,12095000.000,11273000.000,11300000.000,10839000.000,11903000.000,11664000.000,11389000.000,12535000.000,13976000.000,13334000.000,14193000.000,13901000.000,15904000.000
ShareBasedCompensation,947000.000,,,,1699000.000,,,,1750000.000,1497000.000,1526000.000,1614000.000,1453000.000,1336000.000,1523000.000,1702000.000,1459000.000,1125000.000,1681000.000,1747000.000,1790000.000,1686000.000
ShareBasedCompensationArrangementByShareBasedPaymentAwardEquityInstrumentsOtherThanOptionsVestedInPeriod,,,,,4887.000,,,,,,,,,,,,,,,,,
ShareBasedCompensationArrangementByShareBasedPaymentAwardEquityInstrumentsOtherThanOptionsVestedInPeriodWeightedAverageGrantDateFairValue,,,,,9.310,,,,,,,,,,,,,,,,,
ShareBasedCompensationArrangementByShareBasedPaymentAwardFairValueAssumptionsExpectedDividendRate,,0.000,,,,,,,,,,,,,,,0.000,0.000,0.000,,,
ShareBasedCompensationArrangementByShareBasedPaymentAwardFairValueAssumptionsExpectedVolatilityRate,,0.570,0.560,,0.540,0.550,0.540,,0.540,0.520,0.510,,0.490,0.460,0.460,,0.450,0.450,0.450,,,
ShareBasedCompensationArrangementByShareBasedPaymentAwardFairValueAssumptionsRiskFreeInterestRate,,0.012,0.010,,0.014,0.011,0.020,,0.022,0.022,0.022,,0.018,0.018,0.019,,0.016,0.014,0.013,,,
ShareBasedCompensationArrangementByShareBasedPaymentAwardOptionsExercisesInPeriodTotalIntrinsicValue,,,,,509000.000,,,,,,,,,,,,,,,,,
ShareBasedCompensationArrangementByShareBasedPaymentAwardOptionsForfeituresInPeriod,,,,,77497.000,,,,,,,,,,,,,,,,,
ShareBasedCompensationArrangementByShareBasedPaymentAwardOptionsGrantsInPeriodGross,,,,,56570.000,,,,,,,,,,,,,,,,,
ShareBasedCompensationArrangementByShareBasedPaymentAwardOptionsGrantsInPeriodWeightedAverageGrantDateFairValue,,9.120,7.870,,3.380,3.900,5.640,-7.580,5.540,4.140,3.060,-8.530,3.990,3.280,2.490,-6.660,2.670,2.640,4.980,-6.280,,
ShareBasedCompensationArrangementsByShareBasedPaymentAwardOptionsExercisesInPeriodWeightedAverageExercisePrice,,,,,1.150,,,,,,,,,,,,,,,,,
ShareBasedCompensationArrangementsByShareBasedPaymentAwardOptionsForfeituresInPeriodWeightedAverageExercisePrice,,,,,11.690,,,,,,,,,,,,,,,,,
ShareBasedCompensationArrangementsByShareBasedPaymentAwardOptionsGrantsInPeriodWeightedAverageExercisePrice,,,,,6.480,,,,,,,,,,,,,,,,,
StockIssued1,,,,,,,,,30615000.000,,,,,,,,,,,,,
StockIssuedDuringPeriodSharesStockOptionsExercised,,,,,93886.000,,,,,,,,,,,,,,,,,
StockIssuedDuringPeriodValueAcquisitions,,,,,,,,,30615000.000,,,,,,,,,,,,,
SubscriptionRevenue,,,,,,,26535000.000,,29375000.000,29929000.000,30450000.000,30570000.000,31811000.000,31917000.000,33184000.000,34098000.000,34653000.000,35080000.000,36203000.000,36086000.000,34242000.000,35528000.000
TemporaryEquityAccretionOfDividends,-733000.000,,,,,,,,,,,,,,,,,,,,,
WeightedAverageNumberDilutedSharesOutstandingAdjustment,,4370000.000,4225000.000,,4848000.000,4756000.000,,,,,,,,,,,,,,,,
WeightedAverageNumberOfShareOutstandingBasicAndDiluted,,27256330000.000,27478705.000,,28023708.000,28180837.000,28345519.000,-84521713.000,31037732.000,32145231.000,32247453.000,-95398467.000,32495685.000,32548123.000,32636084.000,-65081892.000,32724850.000,32794274.000,33345161.000,-98831096.000,34056104000.000,34247058.000
WeightedAverageNumberOfSharesOutstandingBasic,,,,,,,28346000.000,,,,,,,,,,,,,,,
