,2011-09-30,2012-03-31,2012-06-30,2012-09-30,2012-12-31,2013-03-31,2013-06-30,2013-09-30,2013-12-31
AmortizationOfIntangibleAssets,,0.000,,,,,,,
CashAndCashEquivalentsPeriodIncreaseDecrease,,-897551.000,,,,-1085269.000,,,
ComprehensiveIncomeNetOfTax,1355262.000,-2730474.000,-3773124.000,-2286427.000,-4468412.000,-3709661.000,-2153281.000,-2860618.000,-8741683.000
ComprehensiveIncomeNetOfTaxAttributableToNoncontrollingInterest,-13103.000,20005.000,-12055.000,7964.000,-59948.000,22570.000,27467.000,7174.000,-7642.000
CostOfGoodsSold,15959253.000,10994309.000,16565669.000,18503171.000,14822841.000,9551749.000,12240442.000,11721181.000,19301490.000
DeferredIncomeTaxExpenseBenefit,,12348.000,,,,-274.000,,,
Depreciation,,725675.000,,,,769959.000,,,
EarningsPerShareDiluted,0.030,-0.110,-0.140,-0.080,-0.160,-0.140,-0.080,-0.110,-0.320
EffectOfExchangeRateOnCashAndCashEquivalents,,9531.000,,,,19082.000,,,
FinancingInterestExpense,1364692.000,1750192.000,1949938.000,1989431.000,1611325.000,1427589.000,1765382.000,2065795.000,
ForeignCurrencyTransactionGainLossBeforeTax,,55660.000,,,,35728.000,,,
GainLossOnDerivativeInstrumentsNetPretax,60000.000,0.000,0.000,0.000,0.000,,,,
GainLossOnDispositionOfIntangibleAssets,,,,,,0.000,,,
GainLossOnSaleOfPropertyPlantEquipment,,-447.000,,,,,,,
GeneralAndAdministrativeExpense,1682541.000,1728711.000,1937379.000,1692502.000,1960183.000,1720985.000,1744305.000,1788216.000,1703696.000
GrossProfit,5503365.000,2716354.000,3054546.000,5123550.000,1754387.000,881668.000,3735509.000,2878765.000,570573.000
IncomeLossFromContinuingOperationsBeforeIncomeTaxesMinorityInterestAndIncomeLossFromEquityMethodInvestments,1015667.000,-2937933.000,-3603791.000,-2133276.000,-4427621.000,-3745837.000,-2120313.000,-3039189.000,-9045792.000
IncomeLossFromEquityMethodInvestments,,,-8567.000,-24293.000,,-25193.000,-24996.000,-25078.000,
IncomeTaxExpenseBenefit,175837.000,12348.000,202018.000,59170.000,218753.000,79981.000,399153.000,37499.000,-807973.000
IncomeTaxesPaid,,158232.000,,,,68291.000,,,
IncreaseDecreaseInAccountsPayableTrade,,1273464.000,,,,-1738591.000,,,
IncreaseDecreaseInAccruedIncomeTaxesPayable,,-147063.000,,,,0.000,,,
IncreaseDecreaseInDueFromRelatedParties,,-362678.000,,,,0.000,,,
IncreaseDecreaseInInventories,,4230052.000,,,,-580287.000,,,
IncreaseDecreaseInOtherAccountsPayableAndAccruedLiabilities,,-3217498.000,,,,-886628.000,,,
IncreaseDecreaseInReceivables,,-1445883.000,,,,-8133661.000,,,
IncreaseDecreaseInRestrictedCashForOperatingActivities,,118875.000,,,,0.000,,,
InterestPaid,,688791.000,,,,1417501.000,,,
InvestmentIncomeInterest,368273.000,52574.000,186375.000,185982.000,388118.000,350965.000,171895.000,345426.000,313103.000
NetCashProvidedByUsedInFinancingActivities,,14988208.000,,,,3881797.000,,,
NetCashProvidedByUsedInFinancingActivitiesContinuingOperations,,14988208.000,,,,3881797.000,,,
NetCashProvidedByUsedInInvestingActivities,,-1196013.000,,,,-858748.000,,,
NetCashProvidedByUsedInInvestingActivitiesContinuingOperations,,-1196013.000,,,,-858748.000,,,
NetCashProvidedByUsedInOperatingActivities,,-14699277.000,,,,-4127400.000,,,
NetCashProvidedByUsedInOperatingActivitiesContinuingOperations,,-14699277.000,,,,-4127400.000,,,
NetIncomeLoss,852933.000,-2912832.000,-3793770.000,-2200493.000,-4632359.000,-3808628.000,-2505733.000,-3073101.000,-8793631.000
NetIncomeLossAttributableToNoncontrollingInterest,-13103.000,-37449.000,-12039.000,8047.000,-14015.000,-17190.000,-13733.000,-3587.000,95888.000
NonoperatingIncomeExpense,-432947.000,-1281989.000,-1694123.000,-1658167.000,-1226922.000,-1082397.000,-1579152.000,-1635592.000,-1618449.000
OperatingExpenses,4054751.000,4372298.000,4964214.000,5598659.000,4955086.000,3545108.000,4276670.000,4282362.000,7997916.000
OperatingIncomeLoss,1448614.000,-1655944.000,-1909668.000,-475109.000,-3200699.000,-2663440.000,-541161.000,-1403597.000,-7427343.000
OtherComprehensiveIncomeForeignCurrencyTransactionAndTranslationAdjustmentNetOfTaxPortionAttributableToParent,502329.000,239812.000,20630.000,-86017.000,118014.000,138727.000,393652.000,223244.000,-27964.000
OtherComprehensiveIncomeLossForeignCurrencyTransactionAndTranslationAdjustmentNetOfTax,,239812.000,,,,,,,
OtherComprehensiveIncomeLossNetOfTaxPortionAttributableToParent,1342159.000,-2710469.000,-3785179.000,-2278463.000,-4528360.000,-3687091.000,-2125814.000,-2853444.000,9382199.000
OtherExpenses,,129178.000,107630.000,136940.000,87830.000,91540.000,61505.000,1045.000,102695.000
OtherIncome,,153554.000,147732.000,141765.000,119796.000,98543.000,93902.000,80670.000,65170.000
OtherNonoperatingIncomeExpense,35884.000,5939.000,37905.000,1153.000,-19152.000,-3503.000,-51252.000,-27046.000,-415074.000
PaymentsToAcquirePropertyPlantAndEquipment,,1196013.000,,,,858748.000,,,
ProceedsFromBankDebt,,24361925.000,,,,38514333.000,,,
ProceedsFromIssuanceOfCommonStock,,0.000,,,,,,,
ProceedsFromIssuanceOfUnsecuredDebt,,642137.000,,,,3122268.000,,,
ProceedsFromRepaymentsOfRestrictedCashFinancingActivities,,-10048900.000,,,,-5858759.000,,,
ProceedsFromShortTermDebt,,3170000.000,,,,0.000,,,
ProfitLoss,839830.000,-2950281.000,-3805809.000,-2192446.000,-4646374.000,-3825818.000,-2519466.000,-3076688.000,-8820499.000
ProvisionForDoubtfulAccounts,,304678.000,,,,234153.000,,,
RepaymentsOfBankDebt,,2932250.000,,,,27520395.000,,,
RepaymentsOfShortTermDebt,,,,,,3184000.000,,,
RepaymentsOfUnsecuredDebt,,375884.000,,,,1724970.000,,,
ResearchAndDevelopmentExpense,271961.000,162996.000,236283.000,307632.000,216492.000,216454.000,430917.000,402179.000,344781.000
RevenueFromGrants,359971.000,385314.000,0.000,163597.000,9754.000,15920.000,58186.000,57276.000,1031531.000
Revenues,21462618.000,13864217.000,19767947.000,23768486.000,16697024.000,10531960.000,16069853.000,14680616.000,19937233.000
SalesRevenueNet,21462618.000,13710663.000,19620215.000,23626721.000,16577228.000,10433417.000,15975951.000,14599946.000,19872063.000
SellingExpense,2100249.000,2480591.000,2790552.000,3598525.000,760329.000,1607669.000,2101448.000,2091967.000,-997531.000
WeightedAverageNumberOfDilutedSharesOutstanding,26794386.000,26803044.000,26803044.000,26803044.000,-53606088.000,26803044.000,26803044.000,26803044.000,-53606088.000
