,2013-06-30,2013-09-30,2014-03-31,2014-06-30,2014-09-30,2014-12-31,2015-03-31,2015-06-30,2015-09-30,2015-12-31,2016-03-31,2016-06-30,2016-09-30,2016-12-31,2017-03-31
AdjustmentForAmortization,,,6702.000,,,,8725.000,,,,87000.000,,,,83000.000
AmortizationOfDebtDiscountPremium,,,,,,,,,,,,,,,7000.000
AmortizationOfFinancingCosts,,,310500.000,,,,0.000,,,,4000.000,,,,7000.000
AntidilutiveSecuritiesExcludedFromComputationOfEarningsPerShareAmount,2434087.000,2349876.000,2634291.000,3062143.000,3099253.000,-5762866.000,3146120.000,3172518.000,3182358.000,-3046996.000,6388000.000,7608000.000,9346000.000,-14031000.000,9196000.000
BusinessAcquisitionProFormaEarningsPerShareBasic,,,,,-0.630,,,,,,,,,,
BusinessAcquisitionProFormaEarningsPerShareDiluted,,,,,-0.640,,,,,,,,,,
BusinessAcquisitionsProFormaNetIncomeLoss,,,,,-6039858.000,,,,,,,,,,
BusinessAcquisitionsProFormaRevenue,,,,,3493345.000,,,,,,,,,,
BusinessCombinationContingentConsiderationArrangementsChangeInAmountOfContingentConsiderationLiability1,,,,,,,89914.000,316253.000,-315453.000,-359714.000,-34000.000,-67000.000,-18000.000,-33000.000,232000.000
BusinessCombinationProFormaInformationEarningsOrLossOfAcquireeSinceAcquisitionDateActual,,,,,-372544.000,,-185502.000,-973528.000,,,,,,,
BusinessCombinationProFormaInformationRevenueOfAcquireeSinceAcquisitionDateActual,,,,,1384309.000,,2166665.000,1462479.000,,,,,,,
CashAndCashEquivalentsPeriodIncreaseDecrease,,,-8144569.000,,,,-3242334.000,,,,-6186000.000,,,,162000.000
CostOfRevenue,1279274.000,1211384.000,1290062.000,1503095.000,2565715.000,3094799.000,3141735.000,3097437.000,3103227.000,4755601.000,4103000.000,4285000.000,4444000.000,4272000.000,4209000.000
DebtInstrumentBasisSpreadOnVariableRate1,,,0.018,,,,,,,,,,,,
Depreciation,,,96800.000,,,,347710.000,,,,518000.000,,,,534000.000
DilutiveSecurities,,,,239000.000,129000.000,,,0.000,-214000.000,,-17000.000,,,,
EarningsPerShareBasic,-2.290,-0.610,-0.270,-0.450,-0.500,-0.540,-0.440,-0.510,-0.540,-0.470,-0.390,,-0.230,,-0.510
EarningsPerShareBasicAndDiluted,,,,,,,,,,,,-0.280,,,-0.510
EarningsPerShareDiluted,-2.290,-0.610,-0.270,-0.470,-0.510,-0.550,-0.440,-0.510,-0.560,-0.450,-0.390,,-0.230,,-0.510
FairValueAdjustmentOfWarrants,,,44000.000,-239000.000,-129000.000,-93000.000,15000.000,,,,-17000.000,,,,7294000.000
GainLossOnDerivativeInstrumentsNetPretax,-170000.000,-1033000.000,-44000.000,,,,-15000.000,-181000.000,214000.000,17000.000,17000.000,0.000,712000.000,796000.000,-7294000.000
GainsLossesOnExtinguishmentOfDebt,,,,0.000,0.000,,,,,,,,,,-78000.000
GeneralAndAdministrativeExpense,1384123.000,1297801.000,2731404.000,2395462.000,3104100.000,4137773.000,2986897.000,3061584.000,3487242.000,5031277.000,4318000.000,3658000.000,3701000.000,4357000.000,3477000.000
GoodwillAndIntangibleAssetImpairment,,,0.000,,,,,,,,,,,,
GrossProfit,552375.000,493762.000,140313.000,8575.000,656135.000,940693.000,1228592.000,1087710.000,897105.000,728593.000,1965000.000,2716000.000,2306000.000,2958000.000,2757000.000
IncomeLossFromContinuingOperationsBeforeIncomeTaxesMinorityInterestAndIncomeLossFromEquityMethodInvestments,,,-4299834.000,-4186704.000,-4797062.000,,,,,,,,,,
IncomeLossFromEquityMethodInvestments,,,-11755.000,,,,-207458.000,,,,-12000.000,,,,-12000.000
IncomeTaxExpenseBenefit,,,-1813941.000,0.000,0.000,-536244.000,0.000,0.000,0.000,-1184000.000,,,,,-970000.000
IncreaseDecreaseInAccountsReceivable,,,251057.000,,,,17169.000,,,,1828000.000,,,,901000.000
IncreaseDecreaseInOtherAccountsPayableAndAccruedLiabilities,,,-131799.000,,,,-239317.000,,,,-101000.000,,,,-694000.000
IncreaseDecreaseInOtherCurrentAssets,,,64844.000,,,,-23322.000,,,,-295000.000,,,,-156000.000
IncreaseDecreaseInOtherNoncurrentAssets,,,,,,,,,,,-3000.000,,,,-28000.000
IncreaseDecreaseInRestrictedCash,,,6000000.000,,,,0.000,,,,,,,,
IncrementalCommonSharesAttributableToCallOptionsAndWarrants,,,,15897.000,0.000,,,0.000,1530.000,,0.000,,,,0.000
InterestExpense,389319.000,356442.000,341177.000,30744.000,36166.000,64733.000,33967.000,81553.000,111620.000,116860.000,126000.000,107000.000,111000.000,110000.000,194000.000
InterestPaidNet,,,30677.000,,,,33940.000,,,,97000.000,,,,269000.000
InvestmentIncomeInterest,744.000,3295.000,22184.000,16157.000,18789.000,16672.000,12618.000,12764.000,4906.000,18712.000,4000.000,13000.000,4000.000,2000.000,17000.000
NetCashProvidedByUsedInFinancingActivities,,,-26818.000,,,,-14495.000,,,,-41000.000,,,,2762000.000
NetCashProvidedByUsedInFinancingActivitiesContinuingOperations,,,-26818.000,,,,-14495.000,,,,-41000.000,,,,2762000.000
NetCashProvidedByUsedInInvestingActivities,,,-6180827.000,,,,-123208.000,,,,-358000.000,,,,-209000.000
NetCashProvidedByUsedInInvestingActivitiesContinuingOperations,,,-6180827.000,,,,-123208.000,,,,-358000.000,,,,-209000.000
NetCashProvidedByUsedInOperatingActivities,,,-1936924.000,,,,-3104631.000,,,,-5787000.000,,,,-2391000.000
NetCashProvidedByUsedInOperatingActivitiesContinuingOperations,,,-1936924.000,,,,-3104631.000,,,,-5787000.000,,,,-2391000.000
NetIncomeLoss,-9142191.000,-3066376.000,-2485893.000,-4186704.000,-4797062.000,-5173260.000,-4278307.000,-4979843.000,-5212014.000,-5713836.000,-5254000.000,-4028000.000,-3745000.000,-2776000.000,-9580000.000
NetIncomeLossAttributableToParentDiluted,,,,-4425704.000,-4926062.000,,,,,,,,,,
NetIncomeLossAvailableToCommonStockholdersBasic,-9142191.000,-3066376.000,-2485893.000,,,,,,,,,,,,-9580000.000
NetIncomeLossAvailableToCommonStockholdersDiluted,,,,,,,,-4979843.000,-5426014.000,,-5271000.000,,,,
NoncashOrPartNoncashAcquisitionFixedAssetsAcquired1,,,,,,,,,,,,,,,396000.000
NonoperatingIncomeExpense,-7408405.000,-1386147.000,-362993.000,224413.000,111623.000,242939.000,-126263.000,-566042.000,422739.000,278566.000,-71000.000,-27000.000,298000.000,721000.000,-7749000.000
OperatingExpenses,2286161.000,2173991.000,4077154.000,4419692.000,5564820.000,6893136.000,5380636.000,5501511.000,6531858.000,7904995.000,7148000.000,6717000.000,6349000.000,6455000.000,5558000.000
OperatingIncomeLoss,-1733786.000,-1680229.000,-3936841.000,-4411117.000,-4908685.000,-5952443.000,-4152044.000,-4413801.000,-5634753.000,-7176402.000,-5183000.000,-4001000.000,-4043000.000,-3497000.000,-2801000.000
OtherNonoperatingExpense,,,,,,,,,,,,,325000.000,,46000.000
PaymentsOfDebtIssuanceCosts,,,,,,,,,,,,,,,287000.000
PaymentsToAcquireIntangibleAssets,,,36809.000,,,,40059.000,,,,39000.000,,,,31000.000
PaymentsToAcquirePropertyPlantAndEquipment,,,144018.000,,,,83149.000,,,,319000.000,,,,178000.000
ProceedsFromIssuanceOfCommonStock,,,,,,,,,34000.000,,,,,,
ProceedsFromRepaymentsOfDebt,,,,,,,,,,,,,,,6000000.000
ProceedsFromStockOptionsExercised,,,2020.000,,,,0.000,23000.000,1000.000,,,,,,
ProceedsFromWarrantExercises,,,950.000,,,,0.000,,,,,,,,1750000.000
ProvisionForDoubtfulAccounts,,,,,,,221395.000,,,,0.000,,,,-21000.000
RepaymentsOfLongTermCapitalLeaseObligations,,,7490.000,,,,14495.000,,,,41000.000,,,,34000.000
RepaymentsOfNotesPayable,,,22298.000,,,,0.000,,,,,,,,4667000.000
ResearchAndDevelopmentExpense,455570.000,433525.000,596771.000,1105773.000,1390189.000,1529793.000,1277926.000,1255496.000,1801813.000,1147765.000,1532000.000,1680000.000,1594000.000,1161000.000,1110000.000
Revenues,1831649.000,1705146.000,1430375.000,1511670.000,3221850.000,4035492.000,4370327.000,4185147.000,4000332.000,5484194.000,6068000.000,7001000.000,6750000.000,7230000.000,6966000.000
SalesRevenueNet,1831649.000,1705146.000,1430375.000,1511670.000,3221850.000,4035492.000,4370327.000,4185147.000,4000332.000,5484194.000,6068000.000,7001000.000,6750000.000,7230000.000,6966000.000
SellingAndMarketingExpense,446468.000,442665.000,748979.000,918457.000,1070531.000,1225570.000,1115813.000,1184431.000,1242803.000,1725953.000,1298000.000,1379000.000,1054000.000,937000.000,971000.000
ShareBasedCompensation,172734.000,117333.000,530122.000,763582.000,836099.000,1705546.000,696353.000,757273.000,723928.000,656446.000,534000.000,490000.000,514000.000,478000.000,435000.000
ShareBasedCompensationArrangementByShareBasedPaymentAwardOptionsExercisesInPeriodTotalIntrinsicValue,,,,,,,,24000.000,,,,,,,
ShareBasedCompensationArrangementByShareBasedPaymentAwardOptionsForfeituresAndExpirationsInPeriod,,,25248.000,,,,48083.000,,,,33000.000,,,,146000.000
ShareBasedCompensationArrangementByShareBasedPaymentAwardOptionsForfeituresAndExpirationsInPeriodWeightedAverageExercisePrice,,,8.570,,,,10.740,,,,9.910,,,,9.490
ShareBasedCompensationArrangementByShareBasedPaymentAwardOptionsGrantsInPeriodGross,,,,,,,97000.000,,,,,,,,468000.000
ShareBasedCompensationArrangementsByShareBasedPaymentAwardOptionsExercisesInPeriodWeightedAverageExercisePrice,,,10.000,,,,,,,,,,,,
ShareBasedCompensationArrangementsByShareBasedPaymentAwardOptionsGrantsInPeriodWeightedAverageExercisePrice,,,,,,,9.180,,,,,,,,2.490
SharebasedCompensationArrangementBySharebasedPaymentAwardOptionsVestedNumberOfShares,,,22683.000,,,,,,,,,,,,
StockIssuedDuringPeriodSharesNewIssues,,,,,,,,,2800.000,,,,,,
StockIssuedDuringPeriodSharesRestrictedStockAwardGross,,,7500.000,,,,237500.000,,,,275500.000,,,,
StockIssuedDuringPeriodSharesStockOptionsExercised,,,202.000,,,,,,,,,,,,
WeightedAverageNumberDilutedSharesOutstandingAdjustment,,,,15897.000,0.000,,,0.000,1530.000,,0.000,,,,0.000
WeightedAverageNumberOfDilutedSharesOutstanding,3985663.000,5055591.000,9276643.000,9318634.000,9575789.000,-18709403.000,9703576.000,9714828.000,9727597.000,-18847001.000,13547000.000,,16519000.000,,18904000.000
WeightedAverageNumberOfShareOutstandingBasicAndDiluted,,,,,,,,,,,,14538000.000,,,18904000.000
WeightedAverageNumberOfSharesOutstandingBasic,3985663.000,5055591.000,9276643.000,9302737.000,9575789.000,-18705980.000,9703576.000,9714828.000,9726067.000,-18846471.000,13547000.000,,16519000.000,,18904000.000
WriteOffOfDeferredDebtIssuanceCost,6849830.000,,,,,,,,,,,,,,
