,2011-06-30,2011-09-30,2012-03-31,2012-06-30,2012-09-30,2012-12-31,2013-03-31,2013-06-30,2013-09-30,2013-12-31,2014-03-31,2014-06-30,2014-09-30,2014-12-31,2015-03-31,2015-06-30,2015-09-30,2015-12-31,2016-03-31,2016-06-30,2016-09-30,2016-12-31,2017-03-31
AllocatedShareBasedCompensationExpense,,,,,720000.000,,973193.000,1100000.000,1000000.000,1659838.000,1400000.000,1300000.000,1400000.000,,2100000.000,,,,,,,,
AmortizationOfAcquiredIntangibleAssets,,,,1328370.000,1081668.000,,872742.000,,,,,,,,,,,,,,,,
AmortizationOfFinancingCosts,,,41821.000,,,,,,,,,,,,,,,,,,,,
AmortizationOfIntangibleAssets,,,,,,,,900000.000,2200000.000,,1800000.000,1800000.000,1900000.000,1900000.000,1400000.000,1400000.000,1500000.000,1500000.000,1400000.000,1400000.000,1500000.000,1200000.000,1200000.000
AntidilutiveSecuritiesExcludedFromComputationOfEarningsPerShareAmount,,,,742331.000,1097897.000,,583272.000,1328086.000,1310586.000,1066140.000,1938029.000,2755579.000,2078808.000,-4345327.000,2724264.000,3129878.000,3983261.000,-6637403.000,3445275.000,4199642.000,2522370.000,-6367287.000,2748158.000
AssetImpairmentCharges,,,,,,,,,37908000.000,,,,0.000,,,,,,,,,,
AvailableForSaleSecuritiesChangeInNetUnrealizedHoldingGainLossNetOfTax,,,,-56192.000,-261418.000,,,,,,,,,,,,,,,,,,
BusinessAcquisitionsPurchasePriceAllocationYearOfAcquisitionNetEffectOnIncome,,,,,,,,,,,29341.000,,,,,,,,,,,,
BusinessCombinationContingentConsiderationArrangementsChangeInAmountOfContingentConsiderationLiability1,,,,,,,,,,,,521669.000,-1570129.000,,313233.000,676424.000,701086.000,-1960743.000,1910922.000,7276000.000,788000.000,442078.000,
CashAndCashEquivalentsPeriodIncreaseDecrease,,,2446587.000,,,,-6609728.000,,,,2517289.000,,,,-9171902.000,,,,-9825969.000,,,,-1003686.000
ComprehensiveIncomeNetOfTax,,,4089394.000,3493203.000,5397109.000,6069313.000,-956066.000,1705075.000,10663894.000,-17569173.000,,,,,,,,,,,,,
ComprehensiveIncomeNetOfTaxIncludingPortionAttributableToNoncontrollingInterest,,,,,,,,,,,605156.000,2113241.000,525386.000,33040007.000,-5303290.000,3529425.000,3118069.000,-42274204.000,-2619281.000,-3714000.000,4676000.000,-778719.000,7435000.000
CostOfGoodsSold,119269983.000,120726113.000,147153019.000,153551408.000,152887337.000,158683629.000,158323630.000,162699024.000,179511134.000,188400111.000,186905270.000,201422560.000,194553275.000,187792177.000,187030793.000,193247621.000,201108604.000,207771982.000,209126628.000,204126000.000,212212000.000,201691372.000,203113000.000
DeferredIncomeTaxExpenseBenefit,,,902380.000,0.000,,,585098.000,,,,52774.000,,,,-7188.000,,,,-68431.000,,,,-16105.000
DepreciationAndAmortization,2472456.000,2495323.000,2444096.000,2936981.000,2696255.000,2713120.000,2465667.000,2648396.000,3880431.000,4669365.000,4170716.000,4373798.000,4387438.000,4791541.000,4090938.000,4266290.000,4485119.000,4629653.000,4595735.000,4721000.000,5066000.000,3533265.000,2904000.000
DepreciationDepletionAndAmortization,,,2444096.000,,,,2465667.000,2648000.000,3880000.000,4670192.000,4170716.000,4374000.000,4387000.000,4791777.000,4090938.000,4266290.000,4485119.000,4629653.000,4595735.000,4720620.000,5065679.000,3533966.000,2904474.000
EarningsPerShareBasic,0.080,0.090,0.080,0.090,0.100,0.120,0.020,0.040,0.140,-0.370,0.010,0.030,0.100,0.710,0.020,0.030,0.090,-0.750,-0.040,-0.040,0.080,0.080,0.100
EarningsPerShareDiluted,0.080,0.090,0.070,0.090,0.100,0.110,0.020,0.040,0.140,-0.370,0.010,0.030,0.100,0.700,0.020,0.030,0.090,-0.750,-0.040,-0.040,0.080,0.080,0.100
EffectOfExchangeRateOnCashAndCashEquivalents,,,221918.000,,,,-159046.000,,,,-22449.000,,,,-848497.000,,,,332955.000,,,,447443.000
EffectiveIncomeTaxRateContinuingOperations,,,,,,,-0.032,0.316,-0.007,,0.314,0.314,0.260,,0.341,0.346,0.414,,,,,,
EffectiveIncomeTaxRateReconciliationAtFederalStatutoryIncomeTaxRate,,,,,,,,,,,,,,,0.423,0.435,0.446,-0.954,9.799,7.020,0.427,-16.896,0.300
EffectiveIncomeTaxRateReconciliationTaxCredits,,,,,,,,,-0.055,,,,,,,,,,,,,,
ExcessTaxBenefitFromShareBasedCompensationFinancingActivities,,,4163793.000,,,,,,,,,,,,,,,,,,,,
ExcessTaxBenefitFromShareBasedCompensationOperatingActivities,,,4163793.000,,,,951066.000,,,,0.000,,,,,,,,,,,,
FairValueMeasurementWithUnobservableInputsReconciliationRecurringBasisLiabilityPeriodIncreaseDecrease,,,,-266000.000,-330000.000,,,,,,,,,,,,,,,,,,
ForeignCurrencyTransactionGainLossBeforeTax,,,,,,,200000.000,,,,,,,,,,,,,,,,
ForeignCurrencyTransactionGainLossRealized,,,,,,,400000.000,100000.000,100000.000,-300000.000,100000.000,-100000.000,100000.000,-900000.000,,,,,,,,,
GainLossOnSaleOfEquityInvestments,998325.000,982201.000,247697.000,247875.000,346836.000,353788.000,0.000,0.000,0.000,0.000,,,,,,,,,,,,,
GainLossOnSaleOfPropertyPlantEquipment,,,11567.000,,,,,,,,,,,,,,,,,,,,
GoodwillAcquiredDuringPeriod,,,,,,,39357528.000,,,,,,,,,,,,,,,,
GoodwillForeignCurrencyTranslationGainLoss,,,,,,,,,,,,,,,,,,,,,,,569857.000
GoodwillImpairmentLoss,,,,,,,,,-37908000.000,,,,0.000,,,,,,,,,,
GoodwillPurchaseAccountingAdjustments,,,,,,,239733.000,,,,,,,,,,,,,,,,
GoodwillTranslationAdjustments,,,,,,,-2368457.000,,,,,,,,3028570.000,,,,-187490.000,,,,
GrossProfit,36341998.000,37092791.000,41393383.000,47846063.000,46881339.000,49302692.000,45992495.000,48176602.000,53118654.000,54738313.000,54584394.000,58927031.000,57098246.000,58849818.000,55064704.000,58979527.000,63611399.000,62538370.000,61946062.000,65094000.000,67781000.000,68726938.000,64277000.000
IncomeLossFromContinuingOperationsBeforeIncomeTaxesMinorityInterestAndIncomeLossFromEquityMethodInvestments,5685086.000,6366217.000,5605635.000,6771080.000,7433747.000,7524667.000,867103.000,2781765.000,7241620.000,-20106765.000,421701.000,2338726.000,6913090.000,37101553.000,1973414.000,2535211.000,8990024.000,-33171649.000,244216.000,386000.000,7581000.000,7113784.000,7793000.000
IncomeTaxExpenseBenefit,1985077.000,2228176.000,1917947.000,2296680.000,2457403.000,1551211.000,-28027.000,878420.000,-50301.000,-1356020.000,132294.000,733354.000,1799419.000,-351922.000,834694.000,1104050.000,4006788.000,6719468.000,2393089.000,2710000.000,3240000.000,2611911.000,2337000.000
IncreaseDecreaseInAccountsPayable,,,16003529.000,,,,4843377.000,,,,854794.000,,,,-3849922.000,,,,-40196285.000,,,,-6889997.000
IncreaseDecreaseInDueToRelatedParties,,,391022.000,,,,,,,,,,,,,,,,,,,,
IncreaseDecreaseInInventories,,,-2119878.000,,,,-1964851.000,,,,-1121698.000,,,,6488950.000,,,,1388002.000,,,,-1299728.000
IncreaseDecreaseInOtherOperatingLiabilities,,,3047963.000,,,,-4137671.000,,,,3372949.000,,,,-3608151.000,,,,10652625.000,,,,5056964.000
IncreaseDecreaseInPrepaidDeferredExpenseAndOtherAssets,,,10271793.000,,,,3142790.000,,,,6017193.000,,,,-3099672.000,,,,-16381567.000,,,,978564.000
IncrementalCommonSharesAttributableToContingentlyIssuableShares,,,,,,,,,,,90927.000,833517.000,,,187632.000,991486.000,,,0.000,0.000,178000.000,-53000.000,125000.000
IncrementalCommonSharesAttributableToShareBasedPaymentArrangements,,,,2089310.000,1838729.000,,1667807.000,1237167.000,1059133.000,-3964107.000,785515.000,821963.000,0.000,-683289.000,937444.000,632129.000,375876.000,-1945449.000,0.000,0.000,817000.000,-89000.000,548283.000
InterestExpense,464308.000,494511.000,698094.000,660492.000,633085.000,446563.000,485107.000,514825.000,820081.000,1134326.000,1115844.000,933377.000,1079013.000,1299700.000,1145319.000,1105342.000,1131502.000,1229837.000,1076807.000,985000.000,1191000.000,918193.000,1003000.000
InvestmentIncomeInterest,19065.000,1885.000,51741.000,43047.000,10667.000,-38966.000,7334.000,555.000,14887.000,53155.000,49945.000,13669.000,17448.000,-23670.000,20888.000,27434.000,6241.000,14437.000,13359.000,24000.000,26000.000,22641.000,34000.000
LegalFees,,,,,,,,,,,,0.000,0.000,,,,,,,,,,
LossContingencyAccrualCarryingValuePayments,,,,,,,900000.000,,,,,,,,,,,,,,,,
NetCashProvidedByUsedInFinancingActivities,,,12886424.000,,,,-1854875.000,,,,15431352.000,,,,1670870.000,,,,18395470.000,,,,1469525.000
NetCashProvidedByUsedInFinancingActivitiesContinuingOperations,,,12886424.000,,,,-1854875.000,,,,15431352.000,,,,1670870.000,,,,18395470.000,,,,1469525.000
NetCashProvidedByUsedInInvestingActivities,,,-3189117.000,,,,-9148187.000,,,,-4483271.000,,,,-3718679.000,,,,-3987162.000,,,,-3042073.000
NetCashProvidedByUsedInInvestingActivitiesContinuingOperations,,,-3189117.000,,,,-9148187.000,,,,-4483271.000,,,,-3718679.000,,,,-3987162.000,,,,-3042073.000
NetCashProvidedByUsedInOperatingActivities,,,-7472638.000,,,,4552380.000,,,,-8408343.000,,,,-6275596.000,,,,-24567232.000,,,,121419.000
NetCashProvidedByUsedInOperatingActivitiesContinuingOperations,,,-7472638.000,,,,4552380.000,,,,-8408343.000,,,,-6275596.000,,,,-24567232.000,,,,121419.000
NetIncomeLoss,3700009.000,4138041.000,3687688.000,4474400.000,4976344.000,5973456.000,895130.000,1903345.000,7291921.000,-18750745.000,289407.000,1605372.000,5113671.000,37453475.000,1138720.000,1431161.000,4983236.000,-39891117.000,-2148873.000,-2324000.000,4341000.000,4501873.000,5456000.000
NonoperatingIncomeExpense,476830.000,432886.000,-260388.000,-493899.000,-166915.000,-159936.000,-923936.000,-488760.000,-728047.000,-1095006.000,-1115673.000,-1058167.000,-1180813.000,-1763205.000,-1039789.000,-1065330.000,-2214349.000,-3358532.000,-1224151.000,-670000.000,-1279000.000,-1064849.000,-1193000.000
OperatingIncomeLoss,5208256.000,5933331.000,5866023.000,7264979.000,7600662.000,7684603.000,1791039.000,3270525.000,7969667.000,-19011759.000,1537374.000,3396893.000,8093903.000,38864758.000,3013203.000,3600541.000,11204373.000,-29814117.000,1468367.000,1056000.000,8860000.000,8178633.000,8986000.000
OtherComprehensiveIncomeForeignCurrencyTransactionAndTranslationGainLossArisingDuringPeriodNetOfTax,,,,,,,-1849858.000,,3371973.000,,315749.000,507869.000,-4588285.000,,-6442010.000,2098264.000,-1865167.000,,-470408.000,-1389632.000,334779.000,,1979356.000
OtherComprehensiveIncomeForeignCurrencyTransactionAndTranslationGainLossBeforeReclassificationAndTax,,,,,,,-1849858.000,,3371973.000,,315749.000,507869.000,-4588285.000,,-6442010.000,2098264.000,-1865167.000,,-470408.000,-1389632.000,334779.000,,1979356.000
OtherComprehensiveIncomeLossAvailableForSaleSecuritiesAdjustmentBeforeReclassificationAdjustmentsAndTax,,,,,,,0.000,,0.000,,,,,,,,,,,,,,
OtherComprehensiveIncomeLossAvailableForSaleSecuritiesAdjustmentBeforeTax,,,,,,,-1338.000,,0.000,,,,,,,,,,,,,,
OtherComprehensiveIncomeLossAvailableForSaleSecuritiesAdjustmentNetOfTax,,,,,,,-1338.000,,0.000,,,,,,,,,,,,,,
OtherComprehensiveIncomeLossBeforeTax,,,,,,,-1338.000,,0.000,,,,,,,,,,,,,,
OtherComprehensiveIncomeLossForeignCurrencyTransactionAndTranslationAdjustmentBeforeTax,,,,,,,0.000,,0.000,,0.000,0.000,0.000,,,,,,,,,,
OtherComprehensiveIncomeLossForeignCurrencyTransactionAndTranslationAdjustmentNetOfTax,,,,-925005.000,682183.000,,,,,,,,,,,,,,,,,,
OtherComprehensiveIncomeLossNetOfTax,,,,,,,-1851196.000,,3371973.000,,,,,,,,,,,,,,1979000.000
OtherCostAndExpenseOperating,950000.000,,,,,,,,,,,,,,,,,,,,,,
OtherNoncashIncomeExpense,,,-200141.000,,,,-608832.000,,,,695177.000,,,,300000.000,,,,,,,,
OtherNonoperatingIncomeExpense,-76252.000,-56689.000,138268.000,-124329.000,108667.000,-28195.000,-446163.000,25510.000,77147.000,-13835.000,-49774.000,-138459.000,-119248.000,-439835.000,84642.000,12578.000,-1089088.000,-2143132.000,-160703.000,291000.000,-114000.000,-169297.000,-224000.000
OtherOperatingActivitiesCashFlowStatement,,,,,,,69473.000,,,,104415.000,,,,52427.000,,,,52427.000,,,,52427.000
OtherOperatingIncomeExpenseNet,,,,,,,-609000.000,1649000.000,46794000.000,-16503000.000,,-522000.000,1570000.000,,-313000.000,-676424.000,-701086.000,1960510.000,-1910922.000,-7276414.000,-788087.000,-441577.000,
PaymentsForProceedsFromOtherInvestingActivities,,,,,,,0.000,,,,,,,,,,,,,,,,
PaymentsForRepurchaseOfCommonStock,,,,,,,,,,,,,,,3499998.000,,,,0.000,,,,4342419.000
PaymentsForRestructuring,,,,,,,,,,,,,,,,,,,609000.000,,,,201000.000
PaymentsToAcquireBusinessesNetOfCashAcquired,,,1587576.000,,,,6261942.000,,,,0.000,0.000,,,,,,,,,,,
PaymentsToAcquirePropertyPlantAndEquipment,,,1862648.000,,,,2886245.000,,,,4483271.000,,,,3718679.000,,,,3987162.000,,,,3042073.000
ProceedsFromLinesOfCredit,,,11400000.000,,,,5500000.000,,,,16000000.000,,,,5579750.000,,,,19357516.000,,,,6519048.000
ProceedsFromPaymentsForOtherFinancingActivities,,,-3228375.000,,,,-36642.000,,,,0.000,,,,-98773.000,,,,381502.000,,,,-94952.000
ProceedsFromRepaymentsOfSecuredDebt,,,,,,,,,,,,,,,88837.000,,,,-1802548.000,,,,-800696.000
ProceedsFromSaleAndMaturityOfMarketableSecurities,,,249540.000,,,,0.000,,,,,,,,,,,,,,,,
ProceedsFromSaleOfPropertyPlantAndEquipment,,,11567.000,,,,,,,,,,,,,,,,,,,,
ProceedsFromStockOptionsExercised,,,555355.000,,,,846541.000,,,,43852.000,,,,38554.000,,,,984000.000,,,,188544.000
ProfessionalFees,,,,,,,,,,,,,0.000,,0.000,0.000,0.000,0.000,3344123.000,622944.000,466205.000,-4433272.000,
ProvisionForDoubtfulAccounts,,,145447.000,,,,,,,,68932.000,,,,874501.000,,,,656237.000,,,,175422.000
RepaymentsOfLongTermCapitalLeaseObligations,,,4349.000,,,,,,,,,,,,,,,,,,,,
RestructuringCharges,,,,,,,,,4321862.000,,,0.000,,,,,,,,623000.000,466000.000,,0.000
RestructuringSettlementAndImpairmentProvisions,,,,,,,,,,,,,0.000,,,,,,,,,,
Revenues,155611981.000,157818904.000,188546402.000,201397471.000,199768676.000,207986321.000,204316125.000,210875626.000,232629788.000,243138424.000,241489664.000,260349591.000,251651521.000,246641995.000,242095497.000,252227148.000,264720003.000,270310352.000,271072690.000,269220000.000,279993000.000,270418310.000,267390000.000
SalesRevenueNet,155611981.000,157818904.000,188546402.000,201397471.000,199768676.000,207986321.000,204316125.000,210875626.000,232629788.000,243138424.000,241489664.000,260349591.000,251651521.000,246641995.000,242095497.000,252227148.000,264720003.000,270310352.000,271072690.000,269220000.000,279993000.000,270418310.000,267390000.000
SegmentReportingInformationRevenue,,,,,,,0.000,,,,,,,,,,,,,,,,
SellingGeneralAndAdministrativeExpense,27711286.000,28664137.000,33083264.000,37644103.000,36584422.000,36320495.000,41735789.000,42257681.000,45832645.000,53617323.000,49571481.000,50634671.000,46187034.000,48613035.000,47647330.000,50436272.000,47220821.000,50889577.000,50626915.000,51418000.000,52601000.000,55321085.000,53427000.000
ShareBasedCompensation,,,1047645.000,1404000.000,,,-973000.000,1081000.000,982000.000,3643000.000,1396274.000,1252000.000,1374000.000,1329298.000,2060738.000,1566966.000,1226490.000,,1240523.000,1117067.000,1739772.000,,1418814.000
ShareBasedCompensationArrangementByShareBasedPaymentAwardOptionsGrantsInPeriod,,,,,,,207601.000,,,,12315.000,,,,,,,,,,,,
ShareBasedCompensationArrangementByShareBasedPaymentAwardPlanModificationIncrementalCompensationCost,,,,,,,,,,,,,,,400000.000,,,,,,,,
StockIssuedDuringPeriodSharesRestrictedStockAwardNetOfForfeitures,,,,,,,150100.000,,,,291291.000,,,,,,,,,,,,
StockRepurchasedDuringPeriodShares,,,,,,,,,,,,,,,,,,,,,,,569624.000
TreasuryStockAcquiredAverageCostPerShare,,,,,,,,,,,,,,,6.430,6.380,,,,,,,9.640
TreasuryStockSharesAcquired,,,,,,,,,,,,,,,544624.000,219163.000,0.000,,,,,,
TreasuryStockValueAcquiredCostMethod,,,,,,,,,,,,,,,3500000.000,1400000.000,,,,,,,
WeightedAverageNumberOfDilutedSharesOutstanding,,,,50706956.000,51244909.000,,52006801.000,51965539.000,52217066.000,-105314275.000,52189091.000,53199279.000,53742472.000,-106026899.000,53878697.000,54212097.000,53348376.000,-108648170.000,53145186.000,53411000.000,54772000.000,-106868186.000,54729000.000
WeightedAverageNumberOfSharesOutstandingBasic,,,,48617646.000,49406180.000,,50338994.000,50728372.000,51157933.000,-101350168.000,51312649.000,51543799.000,52655284.000,-103416251.000,52753621.000,52588482.000,52972500.000,-105523603.000,53145186.000,53410958.000,53818382.000,-106767526.000,54055793.000
