,2011-08-31,2012-02-29,2012-05-31,2012-08-31,2012-11-30,2013-02-28,2013-05-31,2013-08-31,2013-11-30,2014-02-28,2014-05-31,2014-08-31,2014-11-30,2015-02-28,2015-05-31,2015-08-31,2015-11-30,2016-02-29,2016-05-31,2016-08-31,2016-11-30,2017-02-28,2017-05-31
AmortizationOfDebtDiscountPremium,,9026.000,,,,3968.000,,,,0.000,,,,,,,,,,,,44453.000,
AmortizationOfFinancingCosts,,8766.000,,,,0.000,,,,0.000,,,,15674.000,,,,15848.000,,,,45281.000,
CashAndCashEquivalentsPeriodIncreaseDecrease,,442425.000,,,,-181058.000,,,,-444994.000,,,,-523786.000,,,,-386659.000,,,,957074.000,
ComprehensiveIncomeNetOfTax,,,,,,,,,,,-650037.000,-441575.000,,-499718.000,-464597.000,-469833.000,-1131323.000,-383420.000,-476436.000,-493230.000,-581643.000,-243209.000,-595461.000
CostOfRevenue,,,,,,,,,,2174.000,14365.000,344.000,10440.000,34848.000,24720.000,5480.000,50892.000,20634.000,11703.000,18684.000,43996.000,23111.000,52173.000
DebtInstrumentConvertibleBeneficialConversionFeature,,50000.000,,,,,,,,,,,,,,,,,,,,,
DebtInstrumentDecreaseForgiveness,,-215143.000,,,,0.000,,,,0.000,,,,,,,,,,,,,
DepreciationAndAmortization,2696.000,2284.000,2402.000,7141.000,8758.000,8214.000,8967.000,10474.000,10475.000,10142.000,11397.000,12024.000,12023.000,11791.000,11792.000,11791.000,11791.000,11629.000,11629.000,11628.000,11629.000,11972.000,13150.000
DerivativeGainLossOnDerivativeNet,,,,,,,,,,0.000,,,,,,,,,,,,421379.000,86000.000
EarningsPerShareBasicAndDiluted,,,,,,,,,,-0.010,-0.010,-0.010,-0.030,-0.010,-0.010,-0.010,-0.020,-0.010,-0.010,-0.010,-0.010,-0.004,-0.010
EarningsPerShareDiluted,-0.010,-0.010,-0.010,-0.010,-0.040,-0.010,-0.020,-0.010,,,,,,,,,,,,,,,
EffectOfExchangeRateOnCashAndCashEquivalents,,,,,,,,,,,,,,-16540.000,,,,-8728.000,,,,22712.000,
ForeignCurrencyTransactionGainBeforeTax,,,,,,,,,,,,,,,,,,,,,,-13156.000,20445.000
ForeignCurrencyTransactionGainLossUnrealized,,,,,,,,,,,,,,,,,,,,,,-13156.000,
GainsLossesOnExtinguishmentOfDebt,,,,,,,,,,0.000,,,,,,,,,,,,,
GeneralAndAdministrativeExpense,142013.000,421189.000,300731.000,305955.000,1029121.000,424999.000,502909.000,377202.000,393413.000,474695.000,631922.000,417003.000,1100868.000,421329.000,412218.000,402699.000,1070694.000,320351.000,412286.000,433918.000,556755.000,523613.000,587581.000
GrossProfit,,,,,,,,,,2342.000,10238.000,280.000,2297.000,1684.000,13353.000,5277.000,14751.000,9869.000,10016.000,11943.000,27170.000,19322.000,44999.000
IncomeLossFromContinuingOperationsBeforeIncomeTaxesMinorityInterestAndIncomeLossFromEquityMethodInvestments,-205180.000,-252431.000,-348209.000,-350630.000,-1068668.000,-469648.000,-562762.000,-444595.000,-547206.000,-478437.000,-631094.000,-445163.000,-1167718.000,-488493.000,-468982.000,-467538.000,-1125425.000,-379802.000,-472224.000,-491928.000,-580156.000,-265362.000,-595104.000
IncomeTaxExpenseBenefit,0.000,0.000,0.000,0.000,0.000,0.000,0.000,0.000,0.000,0.000,0.000,0.000,0.000,0.000,0.000,0.000,0.000,0.000,0.000,0.000,0.000,0.000,0.000
IncomeTaxesPaid,,0.000,,,,0.000,,,,0.000,,,,0.000,,,,0.000,,,,0.000,
IncreaseDecreaseInAccountsPayableAndAccruedLiabilities,,-121132.000,,,,64339.000,,,,13767.000,,,,-42739.000,,,,-71666.000,,,,53825.000,
IncreaseDecreaseInAccountsReceivable,,,,,,,,,,803.000,,,,9402.000,,,,-17331.000,,,,-25250.000,
IncreaseDecreaseInDeferredCharges,,,,,,20000.000,,,,0.000,,,,,,,,,,,,,
IncreaseDecreaseInInventories,,,,,,,,,,23777.000,,,,-10913.000,,,,-29277.000,,,,37693.000,
IncreaseDecreaseInPrepaidDeferredExpenseAndOtherAssets,,22306.000,,,,6114.000,,,,-34114.000,,,,4990.000,,,,548.000,,,,23963.000,
InterestOnConvertibleDebtNetOfTax,,,,,,,,,,0.000,,,,,,,,,,,,-26809.000,
InterestPaid,,0.000,,,,0.000,,,,0.000,,,,84145.000,,,,83686.000,,,,35307.000,
IssuanceOfStockAndWarrantsForServicesOrClaims,,0.000,,,,0.000,,,,0.000,,,,,,,,,,,,50000.000,
NetCashProvidedByUsedInFinancingActivities,,825000.000,,,,200000.000,,,,0.000,,,,0.000,,,,0.000,,,,1433716.000,
NetCashProvidedByUsedInFinancingActivitiesContinuingOperations,,825000.000,,,,200000.000,,,,0.000,,,,0.000,,,,0.000,,,,1433716.000,
NetCashProvidedByUsedInInvestingActivities,,-5079.000,,,,0.000,,,,0.000,,,,0.000,,,,0.000,,,,-21703.000,
NetCashProvidedByUsedInInvestingActivitiesContinuingOperations,,-5079.000,,,,0.000,,,,0.000,,,,0.000,,,,0.000,,,,-21703.000,
NetCashProvidedByUsedInOperatingActivities,,-377496.000,,,,-381058.000,,,,-444994.000,,,,-507246.000,,,,-377931.000,,,,-477651.000,
NetCashProvidedByUsedInOperatingActivitiesContinuingOperations,,-377496.000,,,,-381058.000,,,,-444994.000,,,,-507246.000,,,,-377931.000,,,,-477651.000,
NetIncomeLoss,-205180.000,-252431.000,-348209.000,-350630.000,-1068668.000,-469648.000,-562762.000,-444595.000,-547206.000,-478437.000,-631094.000,-445163.000,-1167718.000,-488493.000,-468982.000,-467538.000,-1125425.000,-379802.000,-472224.000,-491928.000,-580156.000,-265362.000,-595104.000
OperatingExpenses,180849.000,208330.000,303133.000,313096.000,1037879.000,433213.000,511876.000,387676.000,403888.000,484837.000,643319.000,429027.000,1112891.000,433120.000,424010.000,414490.000,1082485.000,331980.000,423915.000,445546.000,549635.000,548741.000,580286.000
OperatingIncomeLoss,-180849.000,-208330.000,-303133.000,-313096.000,-1037879.000,-433213.000,-511876.000,-387676.000,-391171.000,-482495.000,-633081.000,-428747.000,-1110594.000,-431436.000,-410657.000,-409213.000,-1067734.000,-322111.000,-413899.000,-433603.000,-522465.000,-529419.000,-535287.000
OtherComprehensiveIncomeForeignCurrencyTransactionAndTranslationAdjustmentNetOfTaxPortionAttributableToParent,,,,,,,,,,,-18943.000,3588.000,,-11225.000,4385.000,-2295.000,-5898.000,-3618.000,-4212.000,-1302.000,-1487.000,22153.000,-357.000
OtherComprehensiveIncomeLossForeignCurrencyTransactionAndTranslationAdjustmentNetOfTax,,,,,,,,,,,,,,-11225.000,,,,-3618.000,,,,22153.000,
OtherNonoperatingExpense,24331.000,44101.000,45076.000,37534.000,30789.000,36435.000,50886.000,56919.000,507262.000,0.000,0.000,16416.000,57124.000,57057.000,58325.000,58325.000,57691.000,57691.000,58325.000,58325.000,57691.000,157322.000,145817.000
OtherNonoperatingIncome,0.000,0.000,0.000,0.000,0.000,0.000,0.000,0.000,1695.000,4058.000,1987.000,0.000,0.000,0.000,0.000,0.000,0.000,0.000,,,,,
PaymentsToAcquirePropertyPlantAndEquipment,,5079.000,,,,0.000,,,,0.000,,,,,,,,,,,,21703.000,
ProceedsFromConvertibleDebt,,825000.000,,,,0.000,,,,0.000,,,,,,,,,,,,1433716.000,
ProceedsFromIssuanceOfCommonStock,,0.000,,,,0.000,,,,0.000,,,,,,,,,,,,,
ProceedsFromOtherShortTermDebt,,,,,,,,,,0.000,,,,,,,,,,,,,
ProceedsFromShortTermDebt,,,,,,200000.000,,,,0.000,,,,,,,,,,,,,
ProceedsFromStockOptionsExercised,,0.000,,,,0.000,,,,0.000,,,,,,,,,,,,,
RepaymentsOfConvertibleDebt,,,,,,,,,,0.000,,,,,,,,,,,,,
RepaymentsOfOtherShortTermDebt,,,,,,,,,,0.000,,,,,,,,,,,,,
ResearchAndDevelopmentExpense,36140.000,,,,,,0.000,0.000,,0.000,,,,,,,,,,,,,
Revenues,,,,,,,,,,4516.000,24603.000,624.000,12737.000,36532.000,38073.000,10757.000,65643.000,30503.000,21719.000,30627.000,71166.000,42433.000,97172.000
SalesRevenueNet,,,,,,,,,,4516.000,24603.000,624.000,12737.000,36532.000,38073.000,10757.000,65643.000,30503.000,21719.000,30627.000,71166.000,42433.000,97172.000
ShareBasedCompensation,,213440.000,,,,38183.000,,,,,,,,,,,,,,,,,
StockIssuedDuringPeriodValueConversionOfConvertibleSecurities,,,,,,540444.000,,,,,,,,,,,,,,,,,
WeightedAverageNumberOfDilutedSharesOutstanding,25878050.000,26828050.000,26828050.000,27433000.000,-53132741.000,32353157.000,33273913.000,33961413.000,-63022643.000,46849285.000,46849285.000,46874285.000,-93704803.000,46899285.000,46899285.000,53133429.000,-96537564.000,54615642.000,54615642.000,54615642.000,-109142889.000,55412298.000,56188187.000
