,2014-03-31,2014-06-30,2014-09-30,2014-12-31,2015-03-31,2015-06-30,2015-09-30,2015-12-31,2016-03-31,2016-06-30,2016-09-30,2016-12-31,2017-03-31
AllocatedShareBasedCompensationExpense,,,,,1685000.000,1962000.000,2057000.000,2090000.000,2624000.000,3373000.000,3458000.000,3483000.000,4404000.000
AmortizationOfFinancingCosts,31000.000,,,,,,,,,,,,
CashAndCashEquivalentsPeriodIncreaseDecrease,115863000.000,,,,1326000.000,,,,5214000.000,,,,
CashAndCashEquivalentsPeriodIncreaseDecreaseExcludingExchangeRateEffect,,,,,,,,,,,,,2755000.000
ComprehensiveIncomeNetOfTax,-8096000.000,-4570000.000,-6943000.000,-115000.000,-12790000.000,-5266000.000,-5468000.000,2236000.000,-9126000.000,-7338000.000,-4058000.000,2664000.000,-8755000.000
ConversionOfStockAmountConverted1,43775000.000,,,,,,,,,,,,
CostOfRevenue,2042000.000,2491000.000,2590000.000,2788000.000,2833000.000,2863000.000,3044000.000,3279000.000,3496000.000,3721000.000,4116000.000,4510000.000,4672000.000
Depreciation,254000.000,,,,344000.000,,,,497000.000,,,,622000.000
EarningsPerShareBasicAndDiluted,-0.730,-0.190,-0.260,0.270,-0.510,-0.250,-0.190,0.110,-0.400,-0.250,-0.170,0.150,-0.400
FairValueMeasurementWithUnobservableInputsReconciliationRecurringBasisLiabilityTransfersNet,,,,,0.000,,,,,,,,
GainLossOnCashFlowHedgeIneffectivenessNet,,,,,,,,,0.000,,,,
GainLossOnDispositionOfAssets,,,,,1000.000,,,,,,,,
GainLossOnForeignCurrencyFairValueHedgeDerivatives,,,,,,,,,72000.000,154000.000,171000.000,,265000.000
GeneralAndAdministrativeExpense,2665000.000,2665000.000,3030000.000,3512000.000,3780000.000,3760000.000,4036000.000,4530000.000,4562000.000,4760000.000,5051000.000,5449000.000,5513000.000
GrossProfit,15413000.000,22125000.000,22973000.000,30926000.000,20153000.000,26287000.000,28193000.000,40558000.000,26974000.000,34920000.000,36821000.000,49898000.000,35708000.000
IncomeLossFromContinuingOperationsBeforeIncomeTaxesExtraordinaryItemsNoncontrollingInterest,-7970000.000,-4484000.000,-6058000.000,-510000.000,-12592000.000,-6134000.000,-4649000.000,2778000.000,-10144000.000,-6190000.000,-4117000.000,3872000.000,-10556000.000
IncomeTaxExpenseBenefit,104000.000,155000.000,296000.000,-179000.000,78000.000,188000.000,276000.000,144000.000,206000.000,303000.000,272000.000,350000.000,323000.000
IncomeTaxesPaid,28000.000,,,,33000.000,,,,66000.000,,,,20000.000
IncreaseDecreaseInAccountsPayable,-74000.000,,,,-581000.000,,,,-1910000.000,,,,294000.000
IncreaseDecreaseInAccountsReceivable,-14014000.000,,,,-17226000.000,,,,-23036000.000,,,,-26395000.000
IncreaseDecreaseInAccruedLiabilities,-1069000.000,,,,-2394000.000,,,,-4580000.000,,,,-6421000.000
IncreaseDecreaseInDeferredRevenue,-1424000.000,,,,-2101000.000,,,,-2702000.000,,,,-3203000.000
IncreaseDecreaseInOtherNoncurrentLiabilities,3000.000,,,,-1327000.000,,,,-521000.000,,,,-199000.000
IncreaseDecreaseInPostemploymentObligations,314000.000,,,,,,,,-4000.000,,,,-219000.000
IncreaseDecreaseInPrepaidDeferredExpenseAndOtherAssets,284000.000,,,,-1064000.000,,,,648000.000,,,,2497000.000
IncreaseDecreaseInRestrictedCash,15000.000,,,,-6000.000,,,,17000.000,,,,29000.000
InterestExpenseLongTermDebt,0.000,,,,,,,,,,,,
LeaseAndRentalExpense,501000.000,,,,1025000.000,,,,797000.000,,,,883000.000
LicensesRevenue,8053000.000,14422000.000,14239000.000,21706000.000,10158000.000,16011000.000,16862000.000,28242000.000,13844000.000,21742000.000,22591000.000,34696000.000,19155000.000
MaintenanceRevenue,9402000.000,10194000.000,11324000.000,12008000.000,12828000.000,13139000.000,14375000.000,15595000.000,16626000.000,16899000.000,18346000.000,19712000.000,21225000.000
NetCashProvidedByUsedInFinancingActivities,108125000.000,,,,548000.000,,,,761000.000,,,,882000.000
NetCashProvidedByUsedInFinancingActivitiesContinuingOperations,108125000.000,,,,548000.000,,,,761000.000,,,,882000.000
NetCashProvidedByUsedInInvestingActivities,3401000.000,,,,-467000.000,,,,-989000.000,,,,-6424000.000
NetCashProvidedByUsedInInvestingActivitiesContinuingOperations,3401000.000,,,,-467000.000,,,,-989000.000,,,,-6424000.000
NetCashProvidedByUsedInOperatingActivities,4337000.000,,,,1245000.000,,,,5442000.000,,,,8297000.000
NetCashProvidedByUsedInOperatingActivitiesContinuingOperations,4337000.000,,,,1245000.000,,,,5442000.000,,,,8297000.000
NetIncomeLoss,-8074000.000,-4639000.000,-6354000.000,-331000.000,-12670000.000,-6322000.000,-4925000.000,2634000.000,-10350000.000,-6493000.000,-4389000.000,3522000.000,-10879000.000
NoncashOrPartNoncashAcquisitionFixedAssetsAcquired1,,,,,1355000.000,,,,,,,,
NonoperatingIncomeExpense,,,,,-1041000.000,402000.000,-104000.000,-780000.000,645000.000,-605000.000,-187000.000,-738000.000,469000.000
NumberOfReportableSegments,,,,,1.000,,,,1.000,,,,1.000
OperatingExpenses,23345000.000,26683000.000,28087000.000,30630000.000,31704000.000,32823000.000,32738000.000,37000000.000,37763000.000,40505000.000,40751000.000,45288000.000,46733000.000
OperatingIncomeLoss,-7932000.000,-4558000.000,-5114000.000,296000.000,-11551000.000,-6536000.000,-4545000.000,3558000.000,-10789000.000,-5585000.000,-3930000.000,4610000.000,-11025000.000
OtherComprehensiveIncomeLossNetOfTax,-22000.000,69000.000,-589000.000,216000.000,-120000.000,1056000.000,-543000.000,-398000.000,1224000.000,-845000.000,331000.000,,
OtherComprehensiveIncomeLossNetOfTaxPortionAttributableToParent,,,,,,,,,,,,,2124000.000
OtherComprehensiveIncomeUnrealizedGainLossOnDerivativesArisingDuringPeriodNetOfTax,,,,,,,,,,,,,2124000.000
OtherNonoperatingIncomeExpense,-38000.000,74000.000,-944000.000,,,,,,,,,,
PaymentsOfStockIssuanceCosts,335000.000,,,,,,,,,,,,
PaymentsToAcquirePropertyPlantAndEquipment,608000.000,,,,473000.000,,,,722000.000,,,,1498000.000
ProceedsFromIssuanceInitialPublicOffering,108447000.000,,,,,,,,,,,,
ProceedsFromStockOptionsExercised,13000.000,,,,548000.000,,,,761000.000,,,,882000.000
ResearchAndDevelopmentExpense,6439000.000,6832000.000,7316000.000,7499000.000,7733000.000,7799000.000,8085000.000,8175000.000,8837000.000,8905000.000,9290000.000,9628000.000,10409000.000
Revenues,17455000.000,24616000.000,25563000.000,33714000.000,22986000.000,29150000.000,31237000.000,43837000.000,30470000.000,38641000.000,40937000.000,54408000.000,40380000.000
SalesRevenueNet,17455000.000,24616000.000,25563000.000,33714000.000,22986000.000,29150000.000,31237000.000,43837000.000,30470000.000,38641000.000,40937000.000,54408000.000,40380000.000
SellingAndMarketingExpense,14241000.000,17186000.000,17741000.000,19619000.000,20191000.000,21264000.000,20617000.000,24295000.000,24364000.000,26840000.000,26410000.000,30211000.000,30811000.000
ShareBasedCompensation,646000.000,978000.000,1214000.000,1826000.000,1685000.000,,,,2624000.000,,,,4404000.000
ShareBasedCompensationArrangementByShareBasedPaymentAwardFairValueAssumptionsExpectedDividendRate,0.000,,,,0.000,,,,0.000,,,,
ShareBasedCompensationArrangementByShareBasedPaymentAwardFairValueAssumptionsExpectedVolatilityRate,0.600,,,,0.650,,,,0.620,,,,
ShareBasedCompensationArrangementByShareBasedPaymentAwardFairValueAssumptionsRiskFreeInterestRate,0.023,,,,0.019,,,,0.014,,,,
ShareBasedCompensationArrangementByShareBasedPaymentAwardOptionsExercisesInPeriodTotalIntrinsicValue,251000.000,,,,3747000.000,,,,,,,,2690000.000
ShareBasedCompensationArrangementByShareBasedPaymentAwardOptionsForfeituresInPeriod,8752.000,,,,58995.000,,,,23391.000,,,,5749.000
ShareBasedCompensationArrangementByShareBasedPaymentAwardOptionsGrantsInPeriod,214650.000,,,,161200.000,,,,,,,,
ShareBasedCompensationArrangementByShareBasedPaymentAwardOptionsGrantsInPeriodGross,,,,,,,,,135000.000,,,,
ShareBasedCompensationArrangementsByShareBasedPaymentAwardOptionsExercisesInPeriodWeightedAverageExercisePrice,1.282,,,,3.728,,,,5.848,,,,7.417
ShareBasedCompensationArrangementsByShareBasedPaymentAwardOptionsForfeituresInPeriodWeightedAverageExercisePrice,12.845,,,,28.659,,,,25.560,,,,26.634
ShareBasedCompensationArrangementsByShareBasedPaymentAwardOptionsGrantsInPeriodWeightedAverageExercisePrice,39.860,,,,29.880,,,,16.870,,,,
StockIssuedDuringPeriodSharesStockOptionsExercised,10875.000,,,,140716.000,,,,15181.000,,,,126070.000
StockIssuedDuringPeriodValueNewIssues,106071000.000,,,,,,,,,,,,
StockIssuedDuringPeriodValueStockOptionsExercised,13000.000,,,,548000.000,,,,,,,,
UnrealizedGainLossOnDerivatives,-22000.000,69000.000,-589000.000,216000.000,-120000.000,1056000.000,-543000.000,-398000.000,1224000.000,-845000.000,331000.000,-858000.000,
WeightedAverageNumberOfShareOutstandingBasicAndDiluted,11082770.000,24455259.000,24516417.000,-38812133.000,24741306.000,24875227.000,25367347.000,-49785334.000,26117073.000,26273380.000,26492313.000,-52476454.000,26951205.000
