,2011-11-30,2012-05-31,2012-08-31,2012-11-30,2013-08-31,2014-05-31,2014-08-31,2014-11-30,2015-02-28,2015-05-31,2015-08-31,2015-11-30,2016-02-29,2016-05-31,2016-08-31,2016-11-30,2017-02-28,2017-05-31
AdvertisingExpense,,,,,,129903.000,,,,116.000,,,,,,,,
AdvertisingRevenue,270482.000,723.000,266.000,132532.000,236791.000,254801.000,290215.000,314556.000,-93608.000,0.000,0.000,0.000,,,,,,
AllocatedShareBasedCompensationExpense,,,,,,,,,,,,,,0.000,,,,
AmortizationOfDebtDiscountPremium,,692324.000,,,,69394.000,,,,0.000,,,,,,,,
AmortizationOfFinancingCosts,,0.000,,,,,,,,0.000,,,,0.000,,,,
AmortizationOfIntangibleAssets,,17025.000,,,,449466.000,,,,18282.000,,,,150014.000,,,,0.000
AntidilutiveSecuritiesExcludedFromComputationOfEarningsPerShareAmount,,,,,,238058713.000,,,,5522700.000,,,,,,,,
CashAndCashEquivalentsPeriodIncreaseDecrease,,-12739.000,,,,-58708.000,,,,-129634.000,,,,-42180.000,,,,-565803.000
ChangeInUnrealizedGainLossOnFairValueHedgingInstruments,-1131393.000,-882487.000,-907740.000,204573.000,,,,,,,,,,,,,,
ChangeInUnrealizedGainLossOnFairValueHedgingInstruments1,,,,,-3918728.000,1115797.000,27770.000,-21168.000,-44612.000,-33261.000,133896.000,8302.000,178212.000,,,,,
ComprehensiveIncomeNetOfTax,,,,,-5197138.000,-180295.000,-1447424.000,-1457130.000,4751459.000,-2723961.000,-1108240.000,-4894034.000,4175751.000,,,,,
CostOfServices,745732.000,119280.000,110323.000,93478.000,126947.000,61623.000,398483.000,282461.000,-386572.000,72394.000,90311.000,25373.000,29224.000,67688.000,128521.000,98224.000,64806.000,110917.000
DebtConversionConvertedInstrumentAmount1,,,,,,,,,,0.000,,,,,,,,
DeconsolidationGainOrLossAmount,,,,,,,,,,,,0.000,,,,,,
DepreciationDepletionAndAmortization,,,,,,8913.000,,,,,,,,150014.000,,,,
DerivativeLossOnDerivative,,,,,,,,234303.000,,,,0.000,,,,,,
EarningsPerShareBasic,,,,,,,,,,,,-1.960,,,,,,-0.070
EarningsPerShareBasicAndDiluted,-0.020,-0.270,-0.040,-0.210,-0.380,-0.010,-0.070,-0.070,,-4.670,-0.690,,,-0.160,-0.120,-0.240,,
EarningsPerShareDiluted,,,,,,,,,,,,-1.960,,,,,,-0.070
EffectOfExchangeRateOnCashAndCashEquivalents,,,,,,,,,,0.000,,,,,,,,
EffectOfExchangeRateOnCashContinuingOperations,,,,,,9353.000,,,,,,,,,,,,
EmployeeServiceShareBasedCompensationAllocationOfRecognizedPeriodCostsCapitalizedAmount,,,,,,0.000,,,,,,,,,,,,
EquityMethodInvestmentOtherThanTemporaryImpairment,,,,,,,,,,,,3038365.000,,,,,,
EquityMethodInvestmentRealizedGainLossOnDisposal,,,,,,,,,,-343431.000,-414800.000,-444872.000,,,,,,
FairValueAdjustmentOfWarrants,,,,,,,,17202.000,,,,,,,,,,
ForeignCurrencyTransactionGainLossRealized,,,,,,16583.000,,,,,,,,,,,,
ForeignCurrencyTransactionGainLossUnrealized,,,,,,9353.000,,,,,,,,,,,,
GainLossOnInvestments,,,,,,,,,,,,,,112150.000,133808.000,-168500.000,-11447.000,
GainLossOnSaleOfStockInSubsidiaryOrEquityMethodInvestee,,,,,,,,,,,,,,118270.000,,,,
GainLossRelatedToLitigationSettlement,0.000,,0.000,250000.000,12478.000,0.000,0.000,0.000,0.000,,,,,,,,,
GainsLossesOnExtinguishmentOfDebt,-509035.000,30000.000,-6256.000,-28789.000,-11108.000,0.000,0.000,0.000,48564.000,,,,,274779.000,-186357.000,,,
GainsLossesOnRestructuringOfDebt,,,,,,,,,,-224000.000,0.000,1418026.000,-1672982.000,284300.000,,,,
GeneralAndAdministrativeExpense,2370123.000,470872.000,508698.000,1348060.000,1017344.000,1152446.000,900001.000,1193508.000,157379.000,248049.000,412391.000,929234.000,382342.000,951200.000,375252.000,1525984.000,2160069.000,159664.000
GrossProfit,-335063.000,49116.000,30537.000,128253.000,256904.000,283334.000,7862.000,121489.000,,,,,,,,,,
ImpairmentOfIntangibleAssetsExcludingGoodwill,,,,,,,,125000.000,,,,0.000,,,,,,
IncreaseDecreaseInAccountsPayableAndAccruedLiabilities,,68927.000,,,,226938.000,,,,229706.000,,,,205609.000,,,,-79994.000
IncreaseDecreaseInAccountsReceivable,,40189.000,,,,-9190.000,,,,0.000,,,,,,,,
IncreaseDecreaseInOperatingCapital,,,,,,,,,,,,,,2881819.000,,,,
IncreaseDecreaseInOtherCurrentLiabilities,,15764.000,,,,22968.000,,,,75128.000,,,,78113.000,,,,-25201.000
IncreaseDecreaseInPrepaidDeferredExpenseAndOtherAssets,,14100.000,,,,-17854.000,,,,-24335.000,,,,12207.000,,,,10944.000
IncreaseDecreaseInSecurityDeposits,,0.000,,,,,,,,,,,,3206.000,,,,
InducedConversionOfConvertibleDebtExpense,,,,,,,,,,1656418.000,,,,,,,,
InterestAndDebtExpense,,,,,,,,,,1831226.000,47879.000,380982.000,-1875188.000,59916.000,63480.000,66281.000,-217030.000,
InterestExpense,288378.000,856068.000,389404.000,328093.000,169737.000,241535.000,291315.000,382241.000,139667.000,,,,,,,,,59507.000
InterestExpenseDebt,,0.000,,,,28114.000,,,,,,,,,,,,
InterestPaid,,91931.000,,,,70298.000,,,,75000.000,,,,53608.000,,,,59506.000
LeaseAndRentalExpense,,,,,,34618.000,,,,103856.000,,,,19500.000,,,,20385.000
NetCashProvidedByUsedInFinancingActivities,,1083195.000,,,,768369.000,,,,197500.000,,,,860720.000,,,,489888.000
NetCashProvidedByUsedInFinancingActivitiesContinuingOperations,,1083195.000,,,,768369.000,,,,197500.000,,,,860720.000,,,,489888.000
NetCashProvidedByUsedInInvestingActivities,,-277000.000,,,,-25298.000,,,,0.000,,,,-4200.000,,,,-76500.000
NetCashProvidedByUsedInInvestingActivitiesContinuingOperations,,-277000.000,,,,-25298.000,,,,0.000,,,,-4200.000,,,,-76500.000
NetCashProvidedByUsedInOperatingActivities,,-818934.000,,,,811132.000,,,,-327134.000,,,,-898700.000,,,,-979191.000
NetCashProvidedByUsedInOperatingActivitiesContinuingOperations,,-818934.000,,,,-811132.000,,,,-327134.000,,,,-898700.000,,,,-979191.000
NetIncomeLoss,-2808560.000,-714913.000,-211704.000,-1997392.000,-5163252.000,-169651.000,-1453808.000,-1456151.000,4628650.000,-2723961.000,-1108240.000,-4894034.000,4175751.000,-1126624.000,-906344.000,-2245994.000,-2818313.000,-798587.000
NetIncomeLossAttributableToNoncontrollingInterest,,,,4988.000,-216086.000,-376637.000,-429016.000,-1035482.000,241609.000,0.000,-2143.000,-2641.000,,,,,,
NetIncomeLossAvailableToCommonStockholdersBasic,,,,,-5158038.000,-170942.000,-1455099.000,-1456151.000,4628651.000,-2723961.000,-1108240.000,-4894034.000,4175751.000,-1126624.000,-906344.000,-2245994.000,-2257652.000,
NonoperatingIncomeExpense,,,,,,,-257797.000,-650535.000,,,,,,,,-235062.000,,-59507.000
OperatingExpenses,2780576.000,771589.000,753135.000,1766464.000,1550458.000,1864220.000,1632889.000,1962587.000,1070995.000,627319.000,929951.000,1322357.000,1193673.000,1558257.000,885534.000,2112409.000,2775855.000,895126.000
OperatingIncomeLoss,-3115639.000,-722473.000,-722598.000,-1638211.000,-1293554.000,-1580886.000,-1625027.000,-1841098.000,-390224.000,-291226.000,-780684.000,-1300640.000,-1156092.000,-1463158.000,-708764.000,-2010932.000,-2748924.000,-739080.000
OtherComprehensiveIncomeLossForeignCurrencyTransactionAndTranslationAdjustmentNetOfTax,,,,,-39100.000,-9353.000,7675.000,-979.000,122808.000,0.000,0.000,0.000,,,,,,
OtherDepreciationAndAmortization,,,,,,,,,,18282.000,,,,,,,,
OtherGeneralAndAdministrativeExpense,,,,,,,,,,,,0.000,,,,,,
OtherNonoperatingExpense,26901.000,48859.000,1186.000,52714.000,,,,,,,,,,,,,,
OtherNonoperatingIncomeExpense,,,,,1311.000,160336.000,5748.000,4379.000,-3401.000,-817.000,-916.000,234522.000,-243189.000,,281.000,-281.000,,
PaymentsForDerivativeInstrumentInvestingActivities,,277000.000,,,,,,,,,,,,,,,,
PaymentsToAcquireEquipmentOnLease,,14305.000,,,,,,,,,,,,,,,,
PaymentsToAcquireIntangibleAssets,,,,,,,,,,,,,,4200.000,,,,76500.000
PaymentsToAcquireMachineryAndEquipment,,,,,,1176.000,,,,0.000,,,,,,,,
PaymentsToDevelopSoftware,,,,,,24122.000,,,,0.000,,,,,,,,
PreferredStockDividendsIncomeStatementImpact,,,,,-5214.000,1291.000,1291.000,0.000,-1.000,0.000,0.000,0.000,,,,,,
ProceedsFromContributionsFromAffiliates,,,,,,,,,,75000.000,,,,20000.000,,,,
ProceedsFromConvertibleDebt,,394500.000,,,,25000.000,,,,0.000,,,,,,,,
ProceedsFromIssuanceOfCommonStock,,,,,,200000.000,,,,132500.000,,,,,,,,360000.000
ProceedsFromIssuanceOfPreferredStockAndPreferenceStock,,410000.000,,,,0.000,,,,10000.000,,,,,,,,
ProceedsFromIssuanceOrSaleOfEquity,,0.000,,,,378088.000,,,,,,,,,,,,
ProceedsFromRelatedPartyDebt,,323000.000,,,,0.000,,,,,,,,,,,,
ProceedsFromRepaymentsOfBankOverdrafts,,0.000,,,,,,,,,,,,,,,,
ProceedsFromWarrantExercises,,,,,,154680.000,,,,,,,,,,,,129888.000
ProfitLoss,,,,-2002380.000,-5379338.000,-546288.000,-1882824.000,-2491633.000,4870259.000,-2723961.000,-1110383.000,-4896675.000,4180535.000,-1126624.000,-906344.000,-2245994.000,,
RepaymentsOfConvertibleDebt,,,,,,0.000,,,,20000.000,,,,,,,,
RepaymentsOfNotesPayable,,,,,,0.000,,,,,,,,,,,,
ResearchAndDevelopmentExpense,,,,,,,,,,18282.000,18282.000,18282.000,0.000,,,,,
Revenues,410669.000,168396.000,140860.000,221731.000,383851.000,344957.000,406345.000,403950.000,-61796.000,336093.000,149267.000,21717.000,37581.000,95099.000,176770.000,101477.000,26931.000,156046.000
SalariesWagesAndOfficersCompensation,403453.000,291217.000,237417.000,377465.000,487421.000,581871.000,668763.000,565393.000,229156.000,288478.000,405820.000,338528.000,774386.000,509943.000,381739.000,350928.000,296502.000,608189.000
SalesRevenueNet,410669.000,168396.000,140860.000,221731.000,383851.000,344957.000,406345.000,403950.000,-61796.000,336093.000,149267.000,21717.000,37581.000,95099.000,176770.000,101477.000,26931.000,156046.000
SalesRevenueServicesNet,140187.000,167673.000,140594.000,89199.000,147060.000,90156.000,116130.000,89394.000,31812.000,336093.000,149267.000,21717.000,37581.000,95099.000,176770.000,101477.000,26931.000,156046.000
SegmentReportingInformationRevenue,,,,221731.000,,,,,,,,,,,,,,
SellingAndMarketingExpense,7000.000,9500.000,7020.000,40939.000,45693.000,129903.000,64125.000,78686.000,-31276.000,116.000,3147.000,10940.000,7721.000,29426.000,22.000,137273.000,9994.000,16356.000
ShareBasedCompensation,,21865.000,,,,,,,,,,,,,,,,-450945.000
ShareBasedCompensationArrangementByShareBasedPaymentAwardCompensationCost,,10125.000,,,,,,,,,,,,,,,,
ShareBasedCompensationArrangementByShareBasedPaymentAwardFairValueAssumptionsExpectedDividendRate,,0.000,,,,,,,,,,,,,,,,
ShareBasedCompensationArrangementByShareBasedPaymentAwardFairValueAssumptionsExpectedTerm,,1.000,,,,,,,,,,,,,,,,
ShareBasedCompensationArrangementByShareBasedPaymentAwardFairValueAssumptionsExpectedVolatilityRate,,2.873,,,,,,,,,,,,,,,,
ShareBasedCompensationArrangementByShareBasedPaymentAwardFairValueAssumptionsRiskFreeInterestRate,,0.002,,,,,,,,,,,,,,,,
ShareBasedCompensationArrangementsByShareBasedPaymentAwardOptionsExercisesInPeriodWeightedAverageExercisePrice,,,,,,,,,,,,,,7.250,,,,
StockIssuedDuringPeriodSharesConversionOfConvertibleSecurities,,581433.000,,,,,,,,,,,,,,,,
StockIssuedDuringPeriodSharesShareBasedCompensation,,,,,,,,,,,,,,116755.000,,,,
StockIssuedDuringPeriodSharesStockOptionsExercised,,2025.000,,,,,,,,,,,,,,,,
StockIssuedDuringPeriodValueConversionOfConvertibleSecurities,,3202358.000,,,,,,,,,,,,,,,,
StockIssuedDuringPeriodValueShareBasedCompensation,,,,,,,,,,,,,,196239.000,,,,
WeightedAverageNumberOfDilutedSharesOutstanding,,,,,,,,,,,,2498269.000,,,,,,11305299.000
WeightedAverageNumberOfShareOutstandingBasicAndDiluted,,,5840084.000,9429561.000,13750833.000,19777758.000,20544823.000,20558347.000,,583330.000,1606641.000,,,7033606.000,7874298.000,9340277.000,,
WeightedAverageNumberOfSharesOutstandingBasic,,,,,,,,,,,,2498269.000,,,,,,11305299.000
