,2011-06-30,2011-09-30,2012-03-31,2012-06-30,2012-09-30,2012-12-31,2013-03-31,2013-06-30,2013-09-30,2013-12-31,2014-03-31,2014-06-30,2014-09-30
AdjustmentForAmortization,270549.000,263469.000,273850.000,219300.000,219300.000,164751.000,219300.000,179242.000,79677.000,-159511.000,79677.000,79677.000,79677.000
AmortizationOfBelowMarketLease,,,,,,,,,,,,,5804.000
AmortizationOfFinancingCosts,,,103508.000,,,,103508.000,,,,0.000,,
AmortizationOfIntangibleAssets,,,295443.000,,,,237966.000,,,,101691.000,,
CapitalExpendituresIncurredButNotYetPaid,,,144504.000,,,,213588.000,,,,0.000,,
CashAndCashEquivalentsPeriodIncreaseDecrease,,,-33824.000,,,,40859.000,,,,80035.000,,
CostsAndExpenses,1973364.000,,,,,,,,,,,,
Depreciation,,,508186.000,,,,208635.000,,,,120021.000,,
DirectCostsOfLeasedAndRentedPropertyOrEquipment,950621.000,1035052.000,1027236.000,639417.000,685700.000,360448.000,689503.000,612603.000,455740.000,-73365.000,445167.000,390506.000,411918.000
DiscontinuedOperationGainLossFromDisposalOfDiscontinuedOperationBeforeIncomeTax,,0.000,,,,,,,,,,,
DiscontinuedOperationGainLossOnDisposalOfDiscontinuedOperationNetOfTax,,,,5634101.000,0.000,,,0.000,267767.000,,,,0.000
DiscontinuedOperationIncomeLossFromDiscontinuedOperationDuringPhaseOutPeriodNetOfTax,,0.000,,77569.000,-2342.000,,,0.000,-38476.000,,0.000,0.000,0.000
DisposalGroupIncludingDiscontinuedOperationGeneralAndAdministrativeExpense,,,,,,,,,,,,0.000,0.000
DisposalGroupIncludingDiscontinuedOperationOperatingExpense,,,,450736.000,2342.000,,0.000,0.000,146564.000,1007218.000,0.000,0.000,0.000
DisposalGroupIncludingDiscontinuedOperationOtherExpense,,,,,,,,,,,,0.000,0.000
DisposalGroupIncludingDiscontinuedOperationRentalIncome,,,,235114.000,0.000,,0.000,0.000,157349.000,949068.000,0.000,0.000,0.000
DisposalGroupIncludingDiscontinuedOperationRevenue,,,,528305.000,0.000,,0.000,0.000,108088.000,1091018.000,0.000,0.000,0.000
EarningsPerShareBasic,-15.160,-14.550,,101.300,-38.010,,-7.790,-4.100,-1.180,-6.870,-5.790,-46.080,-3.000
GeneralAndAdministrativeExpense,162555.000,167703.000,232297.000,159949.000,161397.000,124331.000,189566.000,133584.000,85147.000,85135.000,180986.000,5762.000,76652.000
ImpairmentOfRealEstate,,,,,1588316.000,,,,,,,2304414.000,0.000
IncomeLossFromContinuingOperations,-786278.000,-754381.000,-706058.000,-458930.000,-1968616.000,-417008.000,-403814.000,-212518.000,-290480.000,-440341.000,-300203.000,-2389273.000,-155304.000
IncomeLossFromContinuingOperationsPerBasicShare,-15.160,-14.550,,-8.850,-37.960,,-7.790,-4.100,-5.600,-8.490,-5.790,-46.080,-3.000
IncomeLossFromDiscontinuedOperationsNetOfTaxAttributableToReportingEntity,0.000,0.000,,5711670.000,-2342.000,,0.000,0.000,229291.000,83800.000,,,0.000
IncomeLossFromDiscontinuedOperationsNetOfTaxPerBasicShare,0.000,0.000,,110.150,-0.050,,0.000,0.000,4.420,1.620,0.000,0.000,0.000
IncreaseDecreaseInAccountsPayableAndAccruedLiabilities,,,-288260.000,,,,25352.000,,,,137588.000,,
IncreaseDecreaseInAccountsReceivable,,,7542.000,,,,-31857.000,,,,1791.000,,
IncreaseDecreaseInDeferredRevenue,,,31381.000,,,,21576.000,,,,12095.000,,
IncreaseDecreaseInDueToRelatedParties,,,15963.000,,,,6274.000,,,,9679.000,,
IncreaseDecreaseInPrepaidDeferredExpenseAndOtherAssets,,,-314492.000,,,,21163.000,,,,-955.000,,
InterestAndOtherIncome,0.000,47.000,,,0.000,,,,,,,,
InterestExpense,455460.000,459941.000,456067.000,258479.000,103508.000,103508.000,103508.000,103508.000,103507.000,103508.000,0.000,0.000,0.000
NetCashProvidedByUsedInFinancingActivities,,,0.000,,,,,,,,,,
NetCashProvidedByUsedInFinancingActivitiesContinuingOperations,,,0.000,,,,,,,,,,
NetCashProvidedByUsedInInvestingActivities,,,-300937.000,,,,,,,,,,
NetCashProvidedByUsedInInvestingActivitiesContinuingOperations,,,-300937.000,,,,,,,,,,
NetCashProvidedByUsedInOperatingActivities,,,267113.000,,,,210191.000,,,,80035.000,,
NetCashProvidedByUsedInOperatingActivitiesContinuingOperations,,,267113.000,,,,210191.000,,,,80035.000,,
NetIncomeLoss,-786278.000,-754381.000,-706058.000,5252740.000,-1970958.000,-365590.000,-403814.000,-212518.000,-61189.000,-356541.000,-300203.000,-2389273.000,-155304.000
NonoperatingIncomeExpense,-455460.000,-459894.000,,,-103508.000,,,,,,,,
OperatingExpenses,,2081168.000,2213762.000,1316577.000,2957409.000,564671.000,1383926.000,1215873.000,787877.000,-220213.000,873475.000,2948846.000,718063.000
OperatingIncomeLoss,-330818.000,-294487.000,-249991.000,-200451.000,-1865108.000,-313500.000,-300306.000,-109010.000,-186973.000,-336833.000,-300203.000,-2389273.000,-155304.000
OperatingLeasesIncomeStatementLeaseRevenue,1144026.000,1141505.000,1332097.000,783165.000,772007.000,211720.000,776950.000,787529.000,314464.000,-693368.000,295513.000,296195.000,296806.000
OwnedPropertyManagementCosts,13684.000,9641.000,19513.000,10714.000,15826.000,13936.000,13307.000,25405.000,14479.000,6318.000,14811.000,15653.000,14892.000
PaymentsForCapitalImprovements,,,300937.000,,,,169332.000,,,,0.000,,
PaymentsOfFinancingCosts,,,0.000,,,,,,,,,,
ProceedsFromNotesPayable,,,0.000,,,,,,,,,,
RelatedPartyTransactionExpensesFromTransactionsWithRelatedParty,,,,321657.000,195078.000,,141552.000,124095.000,138655.000,99878.000,127892.000,-7331.000,51346.000
Revenues,1642546.000,1786681.000,1963771.000,1116126.000,1092301.000,251171.000,1083620.000,1106863.000,600904.000,-557046.000,573272.000,559573.000,562759.000
SalesRevenueNet,1642546.000,1786681.000,1963771.000,1116126.000,1092301.000,251171.000,1083620.000,1106863.000,600904.000,-557046.000,573272.000,559573.000,562759.000
TenantReimbursements,498520.000,645176.000,631674.000,332961.000,320294.000,39451.000,306670.000,319334.000,286440.000,136322.000,277759.000,263378.000,265953.000
WeightedAverageNumberOfSharesOutstandingBasic,51854.000,51854.000,51854.000,51854.000,51854.000,-103708.000,51854.000,51854.000,51854.000,-103708.000,51854.000,51854.000,51854.000
