,2013-06-30,2013-09-30,2014-03-31,2014-06-30,2014-09-30,2014-12-31,2015-03-31,2015-06-30,2015-09-30,2015-12-31,2016-03-31,2016-06-30,2016-09-30,2016-12-31,2017-03-31
AdjustmentsToAdditionalPaidInCapitalSharebasedCompensationRequisiteServicePeriodRecognitionValue,,,,,,,1103000.000,,,,964000.000,,,,1016000.000
AllocatedShareBasedCompensationExpense,762000.000,918000.000,967000.000,1139000.000,1188000.000,1328000.000,1108000.000,1147000.000,922000.000,830000.000,964000.000,1025000.000,960000.000,951000.000,1016000.000
AmortizationOfIntangibleAssets,,,1209000.000,,,,,,1278000.000,,,,,,
AntidilutiveSecuritiesExcludedFromComputationOfEarningsPerShareAmount,39865830.000,7280726.000,8166384.000,7856673.000,7914217.000,-15910603.000,8895663.000,9091422.000,8815870.000,-17385856.000,10791899.000,10686013.000,10343584.000,-21614242.000,11125436.000
AssetImpairmentCharges,,,,,,,,,22665000.000,,,,,,
CapitalExpendituresIncurredButNotYetPaid,,,,,,,2614000.000,,,,1380000.000,,,,68000.000
CashAndCashEquivalentsPeriodIncreaseDecreaseExcludingExchangeRateEffect,,,,,,,,,,,-3478000.000,,,,-15389000.000
ComprehensiveIncomeNetOfTax,-329000.000,-18042000.000,-7276000.000,-5320000.000,-5537000.000,-5453000.000,-6996000.000,-5245000.000,-28747000.000,-2395000.000,-11096000.000,-5836000.000,-3739000.000,-552000.000,-6774000.000
CostOfGoodsAndServicesSold,18971000.000,21057000.000,22943000.000,28893000.000,24046000.000,25791000.000,24410000.000,28062000.000,31673000.000,15121000.000,18347000.000,19907000.000,22698000.000,29536000.000,22023000.000
DeferredIncomeTaxExpenseBenefit,,,,,,,,,,,,,,,-27000.000
DefinedContributionPlanCostRecognized,,,,78000.000,133000.000,,,,,,,,,,
Depreciation,,,,,,,568000.000,747000.000,1036000.000,1053000.000,1078000.000,1194000.000,1213000.000,1164000.000,1269000.000
DepreciationAndAmortization,1493000.000,1581000.000,1586000.000,1643000.000,1673000.000,1773000.000,,,,,,,,,
DepreciationDepletionAndAmortization,275000.000,362000.000,377000.000,434000.000,464000.000,5400000.000,1777000.000,1956000.000,2322000.000,2289000.000,2239000.000,2325000.000,2358000.000,2251000.000,2349000.000
EarningsPerShareBasicAndDiluted,-0.040,-0.370,-0.140,-0.110,-0.110,-0.100,-0.140,-0.100,-0.550,-0.050,-0.210,-0.110,-0.070,-0.010,-0.140
EffectOfExchangeRateOnCashAndCashEquivalentsContinuingOperations,,,-11000.000,,,,-60000.000,,,,35000.000,,,,261000.000
EmployeeServiceShareBasedCompensationCashReceivedFromExerciseOfStockOptions,,,303000.000,,,,,,,,,,,,
FairValueAdjustmentOfWarrants,172000.000,136000.000,,,,,,,,,,,,,
FairValueMeasuredOnRecurringBasisGainLossIncludedInEarnings,,,,,,,3000.000,,,,-2255000.000,,,,-55000.000
FairValueMeasurementWithUnobservableInputsReconciliationRecurringBasisLiabilityGainLossIncludedInEarnings,,,,,,,,,,,,,,,-55000.000
GeneralAndAdministrativeExpense,2468000.000,2681000.000,3713000.000,3600000.000,3724000.000,3675000.000,4344000.000,4705000.000,4034000.000,4196000.000,4922000.000,4074000.000,3609000.000,4405000.000,5083000.000
GrossProfit,16494000.000,14210000.000,11926000.000,14808000.000,14993000.000,16087000.000,16193000.000,18010000.000,17600000.000,22768000.000,16218000.000,17200000.000,18583000.000,24272000.000,19377000.000
ImpairmentOfLongLivedAssetsHeldForUse,0.000,,,,,,,,,,,,,,
IncomeLossFromContinuingOperationsBeforeIncomeTaxesExtraordinaryItemsNoncontrollingInterest,,,,,,,,,,,,,,,-6851000.000
IncomeLossFromContinuingOperationsBeforeIncomeTaxesMinorityInterestAndIncomeLossFromEquityMethodInvestments,-120000.000,-2223000.000,-7150000.000,-5351000.000,-5430000.000,-5215000.000,-6828000.000,-5123000.000,-28603000.000,-2193000.000,-10748000.000,-5677000.000,-3660000.000,,
IncomeTaxExpenseBenefit,153000.000,20000.000,79000.000,21000.000,44000.000,199000.000,122000.000,117000.000,19000.000,225000.000,326000.000,178000.000,-43000.000,-345000.000,9000.000
IncomeTaxesPaid,,,,,,,166000.000,,,,187000.000,,,,13000.000
IncreaseDecreaseInAccountsPayableAndAccruedLiabilities,,,-1427000.000,,,,-1159000.000,,,,-14932000.000,,,,-20499000.000
IncreaseDecreaseInAccountsReceivable,,,-1157000.000,,,,-3336000.000,,,,-17966000.000,,,,-11262000.000
IncreaseDecreaseInDeferredRevenue,,,51000.000,,,,7000.000,,,,79000.000,,,,22000.000
IncreaseDecreaseInOtherCurrentLiabilities,,,,,,,,,,,,,,,-79000.000
IncreaseDecreaseInPrepaidDeferredExpenseAndOtherAssets,,,-182000.000,,,,354000.000,,,,137000.000,,,,779000.000
IncreaseDecreaseInRestrictedCashAndInvestments,,,,,,,,,,,320000.000,,,,
IncreaseDecreaseInRestrictedCashForOperatingActivities,,,,,,,,,,,,,,,-770000.000
InterestExpense,57000.000,14000.000,,,3000.000,,2000.000,3000.000,2000.000,3000.000,2000.000,13000.000,4000.000,110000.000,52000.000
InterestPaid,,,,,,,,,,,2000.000,,,,52000.000
LossContingencyAccrualProvision,,,,,,,,,,,0.000,,,,0.000
NetCashProvidedByUsedInContinuingOperations,,,-5392000.000,,,,-3051000.000,,,,,,,,
NetCashProvidedByUsedInFinancingActivities,,,303000.000,,,,-127000.000,,,,-215000.000,,,,-2868000.000
NetCashProvidedByUsedInFinancingActivitiesContinuingOperations,,,303000.000,,,,-127000.000,,,,-215000.000,,,,-2868000.000
NetCashProvidedByUsedInInvestingActivities,,,-956000.000,,,,-1108000.000,,,,-1174000.000,,,,-754000.000
NetCashProvidedByUsedInInvestingActivitiesContinuingOperations,,,-956000.000,,,,-1108000.000,,,,-1174000.000,,,,-754000.000
NetCashProvidedByUsedInOperatingActivities,,,-4739000.000,,,,-1816000.000,,,,-2089000.000,,,,-11767000.000
NetCashProvidedByUsedInOperatingActivitiesContinuingOperations,,,-4739000.000,,,,-1816000.000,,,,-2089000.000,,,,-11767000.000
NetIncomeLoss,-273000.000,-2243000.000,-7229000.000,-5372000.000,-5474000.000,-5414000.000,-6950000.000,-5240000.000,-28622000.000,-2418000.000,-11074000.000,-5855000.000,-3617000.000,,
NetIncomeLossAvailableToCommonStockholdersBasic,-273000.000,-18092000.000,,,-5474000.000,,,,,,,,,,-6860000.000
OperatingExpenses,16722000.000,16572000.000,19081000.000,20131000.000,20428000.000,21362000.000,23033000.000,23139000.000,46280000.000,24886000.000,26712000.000,22831000.000,22311000.000,24998000.000,26201000.000
OperatingIncomeLoss,-228000.000,-2362000.000,-7155000.000,-5323000.000,-5435000.000,-5275000.000,-6840000.000,-5129000.000,-28680000.000,-2118000.000,-10494000.000,-5631000.000,-3728000.000,-726000.000,-6824000.000
OtherComprehensiveIncomeForeignCurrencyTransactionAndTranslationAdjustmentNetOfTaxPortionAttributableToParent,-56000.000,50000.000,-47000.000,52000.000,-63000.000,-39000.000,-46000.000,-5000.000,-125000.000,23000.000,-22000.000,19000.000,-122000.000,-151000.000,86000.000
OtherComprehensiveIncomeLossBeforeReclassificationsNetOfTax,-56000.000,50000.000,-47000.000,,,,-46000.000,-5000.000,-125000.000,23000.000,-22000.000,19000.000,-122000.000,-151000.000,86000.000
OtherNonoperatingIncomeExpense,165000.000,153000.000,5000.000,-28000.000,8000.000,61000.000,14000.000,9000.000,79000.000,-72000.000,-252000.000,-33000.000,72000.000,90000.000,25000.000
PaymentsForRepurchaseOfCommonStock,,,,,,,,,,,,,,,2406000.000
PaymentsRelatedToTaxWithholdingForShareBasedCompensation,,,,,,,132000.000,,,,215000.000,,,,654000.000
PaymentsToAcquirePropertyPlantAndEquipment,,,956000.000,,,,1108000.000,,,,854000.000,,,,754000.000
ProceedsFromIssuanceOfCommonStock,,,,,,,,,,,,,,,256000.000
ProceedsFromStockOptionsExercised,,,303000.000,,,,5000.000,,,,,,,,38000.000
ProvisionForDoubtfulAccounts,,,18000.000,,,,13000.000,,,,-35000.000,,,,296000.000
ReclassificationFromAociCurrentPeriodBeforeTaxAttributableToParent,,,,,,,,,,,,,0.000,,0.000
RedeemablePreferredStockDividends,,15849000.000,,,,,,,,,,,,,
ResearchAndDevelopmentExpense,2818000.000,2833000.000,4331000.000,3982000.000,4270000.000,4409000.000,4951000.000,4761000.000,5147000.000,5312000.000,5843000.000,5045000.000,4935000.000,5222000.000,5661000.000
Revenues,35465000.000,35267000.000,34869000.000,43701000.000,39039000.000,41878000.000,40603000.000,46072000.000,49273000.000,37889000.000,34565000.000,37107000.000,41281000.000,53808000.000,41400000.000
SalesRevenueNet,35465000.000,35267000.000,34869000.000,43701000.000,39039000.000,41878000.000,40603000.000,46072000.000,49273000.000,37889000.000,34565000.000,37107000.000,41281000.000,53808000.000,41400000.000
SellingAndMarketingExpense,9943000.000,9477000.000,9451000.000,10906000.000,10761000.000,11505000.000,11961000.000,11717000.000,12112000.000,13089000.000,12664000.000,11342000.000,11403000.000,12952000.000,13053000.000
ShareBasedCompensation,,,967000.000,,,,1108000.000,,,,964000.000,,,,1016000.000
ShareBasedCompensationArrangementByShareBasedPaymentAwardOptionsExercisesInPeriodTotalIntrinsicValue,,,1514000.000,,,,,,,,,,,,
ShareBasedCompensationArrangementByShareBasedPaymentAwardOptionsForfeituresInPeriod,,,120512.000,,,,,,,,176934.000,,,,85558.000
ShareBasedCompensationArrangementByShareBasedPaymentAwardOptionsGrantsInPeriodGross,,,612518.000,,,,,,,,200000.000,,,,
ShareBasedCompensationArrangementByShareBasedPaymentAwardOptionsGrantsInPeriodWeightedAverageGrantDateFairValue,,,2.070,,,,,,,,,,,,
ShareBasedCompensationArrangementsByShareBasedPaymentAwardOptionsExercisesInPeriodWeightedAverageExercisePrice,,,0.860,,,,,,,,,,,,1.110
ShareBasedCompensationArrangementsByShareBasedPaymentAwardOptionsForfeituresInPeriodWeightedAverageExercisePrice,,,5.890,,,,,,,,4.600,,,,4.290
ShareBasedCompensationArrangementsByShareBasedPaymentAwardOptionsGrantsInPeriodWeightedAverageExercisePrice,,,4.360,,,,,,,,1.760,,,,
SharesPaidForTaxWithholdingForShareBasedCompensation,,,,,,,,,,,,,,,290657.000
StockIssuedDuringPeriodSharesRestrictedStockAwardForfeited,,,,,,,59647.000,,,,119186.000,,,,
StockIssuedDuringPeriodSharesStockOptionsExercised,,,346235.000,,,,,,,,,,,,33978.000
StockIssuedDuringPeriodValueEmployeeStockPurchasePlan,,,,,,,392000.000,,,,245000.000,,,,257000.000
StockIssuedDuringPeriodValueRestrictedStockAwardGross,,,,,,,174000.000,,,,318000.000,,,,946000.000
StockIssuedDuringPeriodValueRestrictedStockAwardNetOfForfeitures,,,,,,,-132000.000,,,,-215000.000,,,,-654000.000
StockIssuedDuringPeriodValueStockOptionsExercised,,,,,,,5000.000,,,,,,,,38000.000
TreasuryStockSharesAcquired,,,,,,,,,,,,177980.000,621528.000,,
TreasuryStockValueAcquiredCostMethod,,,,,,,,,,,,332000.000,1183000.000,,2406000.000
WeightedAverageNumberOfShareOutstandingBasicAndDiluted,7760494.000,49115766.000,50297747.000,50403168.000,50751303.000,-100814677.000,51217220.000,51445613.000,51875785.000,-102854221.000,52372857.000,52633054.000,52473601.000,-105199774.000,49998547.000
