,2012-03-31,2012-09-30,2013-06-30,2013-09-30,2014-03-31,2014-06-30,2014-09-30,2014-12-31,2015-03-31,2015-06-30,2015-09-30
AllocatedShareBasedCompensationExpenseNetOfTax,,,,,131148.000,,,,,,
AmortizationOfDebtDiscountPremium,993985.000,,,,,,,,,,
AmortizationOfIntangibleAssets,16773.000,17710.000,17711.000,12165.000,11075.000,24195.000,12636.000,-3331.000,1074.000,,
CapitalizedComputerSoftwarePeriodIncreaseDecrease,,,,,-149311.000,,,,-73813.000,,
CashAndCashEquivalentsPeriodIncreaseDecrease,-1027918.000,,,,212520.000,,,,-145117.000,,
CostOfGoodsAndServicesSold,1412297.000,1531699.000,,,,,,,,,
CostOfGoodsSold,,,306053.000,,283672.000,276696.000,322145.000,242631.000,152246.000,53236.000,51079.000
CostOfRevenue,,,1231051.000,1107261.000,753455.000,771176.000,826226.000,750049.000,491973.000,409017.000,352576.000
CostOfServices,,,826124.000,,469783.000,494480.000,412846.000,491892.000,339727.000,355781.000,301497.000
DebtInstrumentInterestRateDuringPeriod,,,,,0.060,,,,0.120,,
Depreciation,45786.000,48130.000,59808.000,58678.000,57242.000,57240.000,60307.000,22354.000,52182.000,,
DepreciationAndAmortization,62559.000,65840.000,77519.000,70843.000,58317.000,,,,53256.000,,
EarningsPerShareBasicAndDiluted,-0.080,-0.030,-0.020,-0.010,-0.010,-0.005,-0.010,-0.015,-0.010,-0.010,-0.000
EarningsPerShareDiluted,,-0.030,,,,,,,,,
ExtinguishmentOfDebtAmount,,,,,14000000.000,,,,,,
ExtinguishmentOfDebtGainLossNetOfTax,,,,,13662615.000,,,,,,
GainLossOnDerivativeInstrumentsNetPretax,0.000,0.000,,,,,,,,,
GainsLossesOnExtinguishmentOfDebt,,0.000,0.000,0.000,,,,,,,
GeneralAndAdministrativeExpense,582490.000,616799.000,450982.000,328158.000,,,,,,,
GrossProfit,-355976.000,7077.000,211781.000,384143.000,422424.000,505435.000,383247.000,651404.000,686493.000,682305.000,633206.000
IncomeLossFromContinuingOperationsBeforeIncomeTaxesExtraordinaryItemsNoncontrollingInterest,,,-1250248.000,-884879.000,,,,,,,
IncomeTaxExpenseBenefit,,,0.000,0.000,,,,,,,
IncomeTaxesPaid,0.000,,,,,,,,0.000,,
IncreaseDecreaseInAccountsPayable,223840.000,,,,-757496.000,,,,58610.000,,
IncreaseDecreaseInAccountsReceivable,226360.000,,,,20605.000,,,,-54139.000,,
IncreaseDecreaseInAccruedLiabilities,373300.000,,,,55520.000,,,,247671.000,,
IncreaseDecreaseInDeferredRevenue,268363.000,,,,1438954.000,,,,964753.000,,
IncreaseDecreaseInDeposits,0.000,,,,,,,,,,
IncreaseDecreaseInInventories,-192074.000,,,,103873.000,,,,-152248.000,,
IncreaseDecreaseInOtherOperatingAssets,,,,,,,,,-1248.000,,
IncreaseDecreaseInPrepaidDeferredExpenseAndOtherAssets,-8380.000,,,,3643.000,,,,0.000,,
IncreaseDecreaseInRestrictedCash,19379.000,,,,-68400.000,,,,0.000,,
InterestExpense,1301969.000,289067.000,353015.000,365423.000,111210.000,120702.000,163770.000,245577.000,179772.000,171264.000,174663.000
InterestPaid,0.000,,,,42000.000,,,,42000.000,,
InvestmentIncomeInterest,248.000,0.000,0.000,0.000,,,,,,,
LaborAndRelatedExpense,321996.000,430969.000,311244.000,336088.000,,,,,,,
MarketingAndAdvertisingExpense,429243.000,144753.000,59200.000,54888.000,,,,,,,
NetCashProvidedByUsedInFinancingActivities,684844.000,,,,1390834.000,,,,-156250.000,,
NetCashProvidedByUsedInFinancingActivitiesContinuingOperations,684844.000,,,,1390834.000,,,,-156250.000,,
NetCashProvidedByUsedInInvestingActivities,-75890.000,,,,-80911.000,,,,-99575.000,,
NetCashProvidedByUsedInInvestingActivitiesContinuingOperations,-75890.000,,,,-80911.000,,,,-99575.000,,
NetCashProvidedByUsedInOperatingActivities,-1636872.000,,,,-1097403.000,,,,110708.000,,
NetCashProvidedByUsedInOperatingActivitiesContinuingOperations,-1636872.000,,,,-1097403.000,,,,110708.000,,
NetIncomeLoss,-3533013.000,-2041541.000,-1250248.000,-884879.000,-611051.000,-379960.000,-682019.000,-1168177.000,-555663.000,-1020967.000,-650998.000
NetIncomeLossAvailableToCommonStockholdersBasic,-3533013.000,-2041541.000,,,,,,,,,
NonoperatingIncomeExpense,-1301721.000,-289067.000,-250778.000,-139278.000,,-120702.000,-163770.000,,,,
NotesIssued1,-650010.000,,,,,,,,,,
NotesReduction,,,,,500000.000,,,,,,
OperatingExpenses,1875316.000,1759551.000,1211251.000,1129744.000,922265.000,764693.000,901496.000,1574004.000,1062384.000,1147328.000,1109541.000
OperatingIncomeLoss,-2231292.000,-1752474.000,-999470.000,-745601.000,-499841.000,-259257.000,-518249.000,-922601.000,-375891.000,-465023.000,-476335.000
OtherCostOfOperatingRevenue,,,98874.000,,,,91235.000,,,,
OtherIncome,,,102237.000,226145.000,,0.000,0.000,,,,
OtherNoncashIncomeExpense,,0.000,,,,,,,,,
OtherNonoperatingExpense,,,,,,,,,,384680.000,0.000
OtherNonoperatingIncomeExpense,,,,,,,,,,-555944.000,-174663.000
OtherSalesRevenueNet,,,71936.000,,40495.000,50362.000,79490.000,77408.000,49562.000,58657.000,50733.000
PaymentsOfDividends,0.000,,,,,,,,,,
PaymentsToAcquirePropertyPlantAndEquipment,56511.000,,,,,,,,25762.000,,
PreferredStockDividendsIncomeStatementImpact,,0.000,,,,,,,,,
ProceedsFromIssuanceOfCommonStock,34834.000,,,,131148.000,,,,0.000,,
ProceedsFromNotesPayable,,,,,1169273.000,,,,0.000,,
ProfessionalFees,141635.000,216278.000,97239.000,87126.000,,,,,,,
ProvisionForDoubtfulAccounts,0.000,,,,,,,,,,
RecognitionOfDeferredRevenue,,,,,1153526.000,,,,865554.000,,
RepaymentsOfRelatedPartyDebt,,,,112185.000,,,,,,,
ResearchAndDevelopmentExpense,337393.000,284912.000,215067.000,252641.000,149311.000,,,,149000.000,,
ResearchAndDevelopmentExpenseSoftwareExcludingAcquiredInProcessCost,,9565.000,2844.000,2079.000,,,,,,,
ResearchAndDevelopmentInProcess,,275347.000,212223.000,250562.000,,,,,,,
Revenues,1056321.000,1538776.000,1442832.000,1717549.000,1175879.000,1276611.000,1209473.000,1401453.000,1178466.000,1091322.000,985782.000
SalesRevenueGoodsNet,,,529994.000,,167793.000,175766.000,175572.000,155997.000,41598.000,69833.000,38737.000
SalesRevenueNet,1056321.000,1538776.000,1340595.000,1491404.000,1175879.000,1276611.000,1209473.000,1401453.000,1178466.000,1091322.000,985782.000
ShippingHandlingAndTransportationCosts,,157434.000,,,,,,,,,
StockIssuedDuringPeriodValueConversionOfConvertibleSecurities,,,,,,,,,29700.000,,
TemporaryEquityIssuePeriodIncreaseOrDecrease,,0.000,,,,,,,,,
WeightedAverageNumberOfDilutedSharesOutstanding,,59980365.000,,,,,,,,,
WeightedAverageNumberOfShareOutstandingBasicAndDiluted,,,61319313.000,61319313.000,50256514.000,,,,,,
WeightedAverageNumberOfSharesOutstandingBasic,,59980365.000,,,,,,,,,
