,2011-06-30,2011-09-30,2012-03-31,2012-06-30,2012-09-30,2012-12-31,2013-03-31,2013-06-30,2013-09-30,2013-12-31,2014-03-31,2014-06-30,2014-09-30,2014-12-31,2015-03-31,2015-06-30,2015-09-30,2015-12-31,2016-03-31,2016-06-30,2016-09-30,2016-12-31,2017-03-31
AdjustmentOfWarrantsGrantedForServices,,,,,,,520000.000,,,,-520000.000,,,,,,,,,,,,
AllocatedShareBasedCompensationExpense,,,,14000.000,,,,,,,,247000.000,252000.000,,285000.000,392000.000,221000.000,484000.000,247000.000,270000.000,710000.000,524000.000,1193000.000
AntidilutiveSecuritiesExcludedFromComputationOfEarningsPerShareAmount,,,,,,,17893000.000,,,,13712000.000,,,,29768000.000,,,,1758000.000,3792000.000,,,2699000.000
AvailableForSaleSecuritiesGrossRealizedGainLossNet,,,,-5000.000,-46000.000,,-9000.000,-5000.000,-5000.000,-2000.000,-9000.000,-10000.000,-11000.000,-10000.000,,,,,,,,,
AvailableForSaleSecuritiesGrossUnrealizedGains,,,,,,,,,,,0.000,,,,,,,,,,,,
AvailableForSaleSecuritiesGrossUnrealizedLoss,,,,,,,,,,,13000.000,,,,,,,,,,,,
CashAndCashEquivalentsPeriodIncreaseDecrease,,,-2307000.000,,,,-4348000.000,,,,-184000.000,,,,169000.000,,,,-955000.000,,,,
CashAndCashEquivalentsPeriodIncreaseDecreaseExcludingExchangeRateEffect,,,,,,,,,,,,,,,,,,,,,,,-2113000.000
ComprehensiveIncomeNetOfTax,,,,,,,-4007000.000,-4056000.000,-3842000.000,-4139000.000,-3563000.000,-2942000.000,-4216000.000,-4458000.000,-4640000.000,-4887000.000,-5242000.000,-4204000.000,,,,,
ComprehensiveIncomeNetOfTaxIncludingPortionAttributableToNoncontrollingInterest,,,-2529000.000,-2246000.000,113000.000,,,,,,,,,,,,,,,,,,
ConcentrationRiskPercentage1,,,,,,,0.940,,,,0.780,,,,,,,,,,,,
ContractsRevenue,,,,,250000.000,,250000.000,,,,,,,,,,,,,,,,
CostOfGoodsSold,,,,,,,22000.000,16000.000,43000.000,81000.000,130000.000,18000.000,42000.000,296000.000,148000.000,253000.000,269000.000,591000.000,611000.000,479000.000,566000.000,808000.000,588000.000
DebtConversionConvertedInstrumentWarrantsOrOptionsIssued1,,,,,,,1225000.000,,,,,,,,,,,,,,,,
DeferredRevenueRevenueRecognized,,,,16000.000,16000.000,,0.000,0.000,,,,,,,,,,,,,,,
Depreciation,,,,,,,,,,,,,,,,,,,40000.000,27000.000,,,
DepreciationDepletionAndAmortization,,,91000.000,,,,81000.000,,,,70000.000,,,,41000.000,,,,40000.000,,31000.000,,18000.000
EarningsPerShareBasic,,,,,0.000,,-0.110,-0.110,-0.100,-0.100,,,,,,,,,,,,,
EarningsPerShareBasicAndDiluted,0.020,0.000,-0.090,-0.080,,,-0.110,-0.110,,,-0.080,-0.060,-0.080,-0.090,-0.090,-0.070,-0.070,-6.590,-1.240,-0.360,-0.340,0.540,-0.260
EarningsPerShareDiluted,,,,-0.080,0.000,,,,-0.100,,,,,,,,,,,,,,
EquityFairValueAdjustment,,,,-628000.000,-209000.000,,520000.000,104000.000,866000.000,,520000.000,,,,,,,,,,,,
FairValueAdjustmentOfWarrants,,,,,,,,,,,,,,,-34000.000,,,,385000.000,424000.000,1671000.000,-2210000.000,
FairValueAssumptionsExpectedDividendRate,,,,,0.000,,0.000,,,,0.000,,,,,,,,,,,,
FairValueAssumptionsWeightedAverageExpectedDividend,,,,,0.550,,0.520,,,,0.380,,,,,,,,,,,,
GainLossOnDispositionOfAssets,,,-30000.000,,,,,,,,-2000.000,,,,1000.000,,,,,,,,
GeneralAndAdministrativeExpense,1318000.000,1097000.000,1541000.000,1368000.000,1234000.000,1838000.000,1560000.000,2045000.000,1525000.000,1210000.000,1708000.000,1653000.000,,,,,,,1655000.000,1258000.000,2218000.000,2104000.000,3088000.000
GrossProfit,,,,,,,41000.000,1000.000,-44000.000,63000.000,58000.000,3000.000,48000.000,89000.000,344000.000,755000.000,931000.000,1090000.000,1108000.000,2184000.000,2872000.000,3269000.000,3113000.000
ImpairmentOfLongLivedAssetsHeldForUse,,,,,,,,,,,,,,,,,,,,0.000,,,0.000
IncomeLossFromContinuingOperationsBeforeIncomeTaxesMinorityInterestAndIncomeLossFromEquityMethodInvestments,429000.000,111000.000,-2525000.000,-2220000.000,86000.000,-2366000.000,-4007000.000,-4041000.000,-3845000.000,-4147000.000,-3565000.000,-2932000.000,-4219000.000,-4476000.000,-4638000.000,-4881000.000,-5240000.000,-4202000.000,-5077000.000,-2688000.000,-3736000.000,-1648000.000,-4010000.000
IncomeTaxExpenseBenefit,4000.000,5000.000,6000.000,6000.000,6000.000,-16000.000,2000.000,7000.000,3000.000,-10000.000,,10000.000,,,2000.000,6000.000,2000.000,-8400.000,,2000.000,,,1000.000
IncreaseDecreaseInAccountsPayableAndAccruedLiabilities,,,167000.000,,,,-222000.000,,,,-1152000.000,,,,357000.000,,,,-580000.000,,,,234000.000
IncreaseDecreaseInAccountsReceivable,,,1006000.000,,,,-27000.000,,,,-524000.000,,,,47000.000,,,,992000.000,,,,211000.000
IncreaseDecreaseInDeferredRevenue,,,-47000.000,,,,-405000.000,,,,-66000.000,,,,-6000.000,,,,886000.000,,,,-368000.000
IncreaseDecreaseInInventories,,,,,,,38000.000,,,,-76000.000,,,,-29000.000,,,,-144000.000,,,,-108000.000
IncreaseDecreaseInOtherNoncurrentAssets,,,,,,,,,,,,,,,,,,,,,,,181000.000
IncreaseDecreaseInPrepaidDeferredExpenseAndOtherAssets,,,-24000.000,,,,-80000.000,,,,71000.000,,,,491000.000,,,,107000.000,,,,-921000.000
IncrementalCommonSharesAttributableToShareBasedPaymentArrangements,,,,,423000.000,,,0.000,0.000,,,,,,,,,,,,,,
IssuanceOfStockAndWarrantsForServicesOrClaims,,,20000.000,,,,3000.000,,,,,,,,,,,,,,,,
LeaseAndRentalExpense,,,,187000.000,145000.000,,219000.000,246000.000,251000.000,250000.000,255000.000,280000.000,255000.000,255000.000,256000.000,224000.000,257000.000,271000.000,253000.000,260000.000,360000.000,65000.000,99000.000
LicenseAndServicesRevenue,,,,856000.000,3617000.000,,914000.000,790000.000,1035000.000,306000.000,38000.000,38000.000,23000.000,59000.000,6000.000,,,,,,,,
LicensesRevenue,4527000.000,2762000.000,1315000.000,,,,,,,,,,,,,,,,,,,,
NetCashProvidedByUsedInFinancingActivities,,,-35000.000,,,,30000.000,,,,6556000.000,,,,4653000.000,,,,3993000.000,,,,-48000.000
NetCashProvidedByUsedInFinancingActivitiesContinuingOperations,,,-35000.000,,,,30000.000,,,,6556000.000,,,,4653000.000,,,,3993000.000,,,,-48000.000
NetCashProvidedByUsedInInvestingActivities,,,464000.000,,,,-686000.000,,,,-2324000.000,,,,23000.000,,,,-16000.000,,,,-59000.000
NetCashProvidedByUsedInInvestingActivitiesContinuingOperations,,,464000.000,,,,-686000.000,,,,-2324000.000,,,,23000.000,,,,-16000.000,,,,-59000.000
NetCashProvidedByUsedInOperatingActivities,,,-2736000.000,,,,-3692000.000,,,,-4416000.000,,,,-4507000.000,,,,-4932000.000,,,,-2006000.000
NetCashProvidedByUsedInOperatingActivitiesContinuingOperations,,,-2736000.000,,,,-3692000.000,,,,-4416000.000,,,,-4507000.000,,,,-4932000.000,,,,-2006000.000
NetIncomeLoss,,,,,,,,,,,,,,,,,,,-5077000.000,-2690000.000,-3736000.000,-1648000.000,-4011000.000
NoncashOrPartNoncashAcquisitionFixedAssetsAcquired1,,,,,,,,,,,,,,,,,,,,,,,9000.000
NumberOfOperatingSegments,,,,,,,,,,,4.000,,,,4.000,,,,1.000,,,,4.000
NumberOfReportableSegments,,,,,,,,,,,4.000,,,,4.000,,,,,,,,
OperatingExpenses,4087000.000,3120000.000,3805000.000,3746000.000,3748000.000,3957000.000,4485000.000,4982000.000,4038000.000,5296000.000,4236000.000,3891000.000,4223000.000,5096000.000,5051000.000,5614000.000,6279000.000,7190000.000,5732000.000,4389000.000,4885000.000,5409000.000,6890000.000
OperatingIncomeLoss,440000.000,-348000.000,-2485000.000,-2875000.000,-106000.000,-2843000.000,-3487000.000,-4150000.000,-2982000.000,-4867000.000,-4078000.000,-3786000.000,-4113000.000,-4901000.000,-4661000.000,-4859000.000,-5348000.000,-6146000.000,-4624000.000,-2205000.000,-2013000.000,-2140000.000,-3777000.000
OtherComprehensiveIncomeAvailableforsaleSecuritiesAdjustmentNetOfTaxPortionAttributableToParent,,,,,,,2000.000,-8000.000,6000.000,-2000.000,2000.000,,3000.000,,,,,,,,,,
OtherComprehensiveIncomeUnrealizedHoldingGainLossOnSecuritiesArisingDuringPeriodNetOfTax,,,2000.000,-20000.000,33000.000,16000.000,,,,,,,,,,,,,,,,,
OtherIncome,,,,,3434000.000,,735000.000,,,,,,,,,,,,51000.000,,,,
OtherNonoperatingGainsLosses,,453000.000,-35000.000,628000.000,209000.000,637000.000,-520000.000,104000.000,-866000.000,727000.000,520000.000,797000.000,-104000.000,451000.000,34000.000,0.000,139000.000,1976000.000,-385000.000,-424000.000,-1671000.000,381000.000,-235000.000
OtherNonoperatingIncome,,,,,,,,724000.000,981000.000,,,,,,,,,,,,,,
OtherNonoperatingIncomeExpense,-11000.000,6000.000,-5000.000,27000.000,-17000.000,-160000.000,,5000.000,3000.000,,-7000.000,57000.000,-2000.000,-26000.000,-11000.000,-22000.000,-31000.000,-32000.000,-68000.000,-59000.000,-52000.000,111000.000,2000.000
OtherSalesRevenueNet,,10000.000,5000.000,15000.000,25000.000,47000.000,43000.000,41000.000,65000.000,60000.000,62000.000,64000.000,39000.000,47000.000,40000.000,77000.000,64000.000,54000.000,64000.000,9000.000,176000.000,31000.000,7000.000
PaymentsRelatedToTaxWithholdingForShareBasedCompensation,,,,,,,,,,,,,,,,,,,,,,,48000.000
PaymentsToAcquirePropertyPlantAndEquipment,,,,,,,9000.000,,,,12000.000,,,,14000.000,,,,16000.000,,,,59000.000
PaymentsToAcquireShortTermInvestments,,,712000.000,,,,2127000.000,,,,3512000.000,,,,,,,,,,,,
ProceedsFromIssuanceOfCommonStock,,,,,,,15000.000,,,,40000.000,,,,,,,,2628000.000,,,,
ProceedsFromIssuanceOfDebt,,,,,,,,,,,,,,,,,,,1365000.000,,,,
ProceedsFromIssuanceOrSaleOfEquity,,,,,1000000.000,,,,,,6511000.000,,,,4653000.000,,,,,,,,
ProceedsFromSaleOfPropertyPlantAndEquipment,,,1000.000,,,,,,,,,,,,37000.000,,,,,,,,
ProceedsFromSaleOfShortTermInvestments,,,1175000.000,,,,1450000.000,,,,1200000.000,,,,,,,,,,,,
ProceedsFromStockOptionsExercised,,,36000.000,,,,15000.000,,,,5000.000,,,,,,,,,0.000,0.000,,
ProceedsFromWarrantExercises,,,,,,,,,,,,,,,,,,,,,6600000.000,,
ProfitLoss,425000.000,106000.000,-2531000.000,-2226000.000,80000.000,-2350000.000,-4009000.000,-4048000.000,-3848000.000,-4137000.000,-3565000.000,-2942000.000,-4219000.000,-4468000.000,-4640000.000,-4887000.000,-5242000.000,-4204000.000,-5077000.000,-2690000.000,-3736000.000,-1648000.000,-4011000.000
ProvisionForDoubtfulAccounts,,,,,,,,,,,,,,,,,,,31000.000,,,,
RealizedInvestmentGainsLosses,,,-12000.000,,,,-9000.000,,,,-9000.000,,,,,,,,,,,,
RepaymentsOfShortTermDebt,,,71000.000,,,,,,,,,,,,,,,,,,,,
ResearchAndDevelopmentExpense,2769000.000,2023000.000,2264000.000,2378000.000,2514000.000,2119000.000,2925000.000,2937000.000,2513000.000,4086000.000,2528000.000,2238000.000,2312000.000,2433000.000,1641000.000,1245000.000,1920000.000,1239000.000,933000.000,278000.000,4000.000,156000.000,62000.000
RevenueRecognitionMilestoneMethodRevenueRecognized,,,,,,,4250000.000,,,,,,,,,,,,,,,,
Revenues,4527000.000,2772000.000,1320000.000,871000.000,3642000.000,1114000.000,957000.000,831000.000,1100000.000,366000.000,100000.000,102000.000,62000.000,106000.000,46000.000,1008000.000,1200000.000,,1770000.000,2663000.000,3438000.000,4077000.000,3701000.000
SalesRevenueGoodsGross,,,,,,,63000.000,17000.000,-1000.000,144000.000,188000.000,21000.000,90000.000,385000.000,492000.000,,,,,,,,
SalesRevenueGoodsNet,,,,,,,,,,,,,,,,931000.000,1136000.000,,1655000.000,2654000.000,3262000.000,4046000.000,3694000.000
SalesRevenueNet,4527000.000,2772000.000,1332000.000,871000.000,208000.000,1114000.000,231000.000,831000.000,1100000.000,366000.000,109000.000,102000.000,62000.000,106000.000,46000.000,1008000.000,1200000.000,,1719000.000,2663000.000,3438000.000,4077000.000,3701000.000
SegmentReportingInformationRevenue,,,,,,,1020000.000,,,,,,,,,,,,,,,,
SellingAndMarketingExpense,,,,,,,,,,,,,,,,,,,3144000.000,2853000.000,2663000.000,3149000.000,3740000.000
SellingGeneralAndAdministrativeExpense,,,,,,,,,,,,,1911000.000,,3410000.000,4369000.000,4359000.000,5951000.000,,,,,
ShareBasedCompensation,,,342000.000,349000.000,330000.000,276000.000,215000.000,,,,245000.000,,,,265000.000,,,,74000.000,,,,
ShareBasedCompensationArrangementByShareBasedPaymentAwardEquityInstrumentsOtherThanOptionsGrantsInPeriod,,,,,,,,,,,56000.000,,,,-89000.000,,,,73000.000,,,,
ShareBasedCompensationArrangementByShareBasedPaymentAwardEquityInstrumentsOtherThanOptionsGrantsInPeriodWeightedAverageGrantDateFairValue,,,,,,,,,,,1.560,,,,0.620,,,,,,,,
ShareBasedCompensationArrangementByShareBasedPaymentAwardEquityInstrumentsOtherThanOptionsVestedInPeriod,,,,,,,4727000.000,,,,-56000.000,,,,91000.000,,,,72000.000,,,,
ShareBasedCompensationArrangementByShareBasedPaymentAwardFairValueAssumptionsExpectedDividendRate,,,,,,,0.000,,,,0.000,,,,0.000,,,,,,,,
ShareBasedCompensationArrangementByShareBasedPaymentAwardFairValueAssumptionsExpectedVolatilityRate,,,,,0.730,,0.870,,,,0.720,,,,0.730,,,,,,,,
ShareBasedCompensationArrangementByShareBasedPaymentAwardFairValueAssumptionsRiskFreeInterestRate,,,,,0.001,,0.008,,,,0.017,,,,0.016,,,,,,,,
ShareBasedCompensationArrangementByShareBasedPaymentAwardNonOptionEquityInstrumentsExercised,,,,,,,,,1800000.000,,,,,,,,,,,,,,
ShareBasedCompensationArrangementByShareBasedPaymentAwardNonOptionEquityInstrumentsGranted,,,,,,,,,,,1400000.000,,,,16414000.000,,,,,,,,
ShareBasedCompensationArrangementByShareBasedPaymentAwardOptionsExercisesInPeriodTotalIntrinsicValue,,,,,,,,,,,,,,,4000.000,,,,4000.000,,,,
ShareBasedCompensationArrangementByShareBasedPaymentAwardOptionsForfeituresAndExpirationsInPeriod,,,,,,,,,,,-58000.000,,,,241000.000,,,,36000.000,,,,16000.000
ShareBasedCompensationArrangementByShareBasedPaymentAwardOptionsForfeituresAndExpirationsInPeriodWeightedAverageExercisePrice,,,,,,,,,,,0.640,,,,1.650,,,,,,,,35.120
ShareBasedCompensationArrangementByShareBasedPaymentAwardOptionsGrantsInPeriodGross,,,,,,,,,,,450000.000,,,,637000.000,,,,108000.000,,,,661000.000
ShareBasedCompensationArrangementByShareBasedPaymentAwardOptionsGrantsInPeriodWeightedAverageGrantDateFairValue,,,,,,,0.780,,,,0.760,,,,0.390,,,,,,,,
ShareBasedCompensationArrangementsByShareBasedPaymentAwardOptionsExercisesInPeriodWeightedAverageExercisePrice,,,,,,,,,,,0.560,,,,0.560,,,,31.800,,,,
ShareBasedCompensationArrangementsByShareBasedPaymentAwardOptionsGrantsInPeriodWeightedAverageExercisePrice,,,,,,,,,,,1.200,,,,0.640,,,,2.200,,,,3.530
ShareBasedGoodsAndNonemployeeServicesTransactionExpense,,,,46000.000,12000.000,,,,,,,,,,,,,,,,,,
ShareBasedGoodsAndNonemployeeServicesTransactionStockholdersEquity,,,-127000.000,,,,-47000.000,,,,-32000.000,,,,-20000.000,,,,-19000.000,,,,
ShareBasedGoodsAndNonemployeeServicesTransactionValuationMethodExpectedDividendRate,,,,,,,0.000,,,,0.000,,,,0.019,,,,,,,,
ShareBasedGoodsAndNonemployeeServicesTransactionValuationMethodExpectedVolatilityRate,,,,,,,0.770,,,,0.790,,,,0.790,,,,,,,,
ShareBasedGoodsAndNonemployeeServicesTransactionValuationMethodRiskFreeInterestRate,,,,,,,0.017,,,,0.026,,,,0.000,,,,,,,,
StockIssued1,,,,,,,,,,,,,,,,,,,1000.000,,,,1000.000
StockIssuedDuringPeriodSharesStockOptionsExercised,,,,,,,,,,,-9000.000,,,,7000.000,0.000,0.000,,,0.000,0.000,,0.000
WeightedAverageNumberOfDilutedSharesOutstanding,23480000.000,27902000.000,28572000.000,28671000.000,29284000.000,-57079000.000,36756000.000,37266000.000,37467000.000,-73306000.000,45338000.000,50767000.000,50821000.000,-97300000.000,54371000.000,66331000.000,74643000.000,-192561000.000,4086000.000,7406605000.000,10912616000.000,-18313899000.000,15284000.000
WeightedAverageNumberOfShareOutstandingBasicAndDiluted,,,,,,,,,,,45338000.000,50767000.000,50821000.000,-97300000.000,54371000.000,66331000.000,74643000.000,-192561000.000,4086.000,7406605.000,10912616.000,-8915307.000,15284000.000
WeightedAverageNumberOfSharesOutstandingBasic,,,,28671000.000,28861000.000,,36756000.000,37266000.000,37467000.000,-73306000.000,45338000.000,50767000.000,50821000.000,-97300000.000,54371000.000,66331000.000,74643000.000,-192561000.000,4086000.000,7406605000.000,10912616000.000,-18313899000.000,15284000.000
