,2011-09-30,2012-03-31,2012-06-30,2012-09-30,2012-12-31,2013-03-31,2013-06-30,2013-09-30,2013-12-31,2014-03-31,2014-06-30,2014-09-30,2014-12-31,2015-03-31,2015-06-30,2015-09-30
AccretionAmortizationOfDiscountsAndPremiumsInvestments,,96064.000,,,,2773.000,,,,,,,,,,
CashAndCashEquivalentsPeriodIncreaseDecrease,,,,,,,,,,,,,,247738.000,,
CashPaidForCapitalizedInterest,,40499.000,,,,,,,,,,,,,,
CashPeriodIncreaseDecrease,,-46187.000,,,,,,,,46425.000,,,,,,
CertainLoansAcquiredInTransferAccountedForAsDebtSecuritiesAccretableYieldAccretion,,,,113125.000,,,,,,,,,,,,
CostOfGoodsSold,158434.000,241853.000,246374.000,116806.000,386627.000,5167.000,,-4934.000,,355412.000,295397.000,247217.000,274314.000,197524.000,342754.000,114051.000
CostsAndExpenses,716494.000,658935.000,840311.000,736858.000,683216.000,212386.000,110380.000,188939.000,868184.000,474078.000,462658.000,360726.000,445019.000,408188.000,441635.000,406869.000
Depreciation,,15790.000,,,,14982.000,,,,15523.000,,,,23354.000,,
DiscontinuedOperationProvisionForLossGainOnDisposalBeforeIncomeTax,,,,,,,,,,84819.000,,,,,,
DiscontinuedOperationProvisionForLossGainOnDisposalNetOfTax,,,,,,,,,,,-595426.000,-368546.000,,,,
DividendsSharebasedCompensationStock,,16342.000,,,,,,,,,,,,,,
EarningsPerShareBasic,-0.010,-0.010,-0.020,-0.020,,,,,,,,,,,,
EarningsPerShareBasicAndDiluted,,,,,,0.000,0.000,0.000,-0.020,0.000,-0.010,0.010,-0.040,-0.010,-0.010,0.010
EquipmentExpense,,,,,,,-9379.000,,,,,,,,,
ExtendedProductWarrantyAccrualCurrencyTranslationIncreaseDecrease,,,,,,,,,,11722.000,,,,1678.000,,
ExtendedProductWarrantyAccrualPeriodIncreaseDecrease,,,,,,2500.000,,,,,,,,,,
FairValueAssumptionsExpectedDividendRate,,,,,,0.000,0.000,0.000,,,,,,,,
GainLossOnSaleOfPropertyPlantEquipment,,,,,,,,,,,,,,,,14228.000
GeneralAndAdministrativeExpense,631024.000,499519.000,426778.000,373387.000,762160.000,138703.000,37680.000,95708.000,854550.000,387496.000,371832.000,284380.000,415461.000,331052.000,320755.000,354638.000
GrossProfit,80589.000,23682.000,-22993.000,18943.000,-349977.000,26542.000,,4934.000,,-12681.000,-90452.000,9500.000,-107004.000,-4911.000,79450.000,45908.000
IncomeLossFromContinuingOperations,,,,,,,,,,-486759.000,-553110.000,-351226.000,-552023.000,-413099.000,-362185.000,
IncomeLossFromContinuingOperationsBeforeIncomeTaxesExtraordinaryItemsNoncontrollingInterest,,,,,,,,,,,,,,-413099.000,-362185.000,-361760.000
IncomeLossFromContinuingOperationsBeforeInterestExpenseInterestIncomeIncomeTaxesExtraordinaryItemsNoncontrollingInterestsNet,,,,,,-185844.000,,,,,,,,,,
IncreaseDecreaseInAccountsPayableAndAccruedLiabilities,,249681.000,,,,131489.000,,,,-185842.000,,,,-1512.000,,
IncreaseDecreaseInAccountsReceivable,,-7723.000,,,,,,,,-134800.000,,,,-35933.000,,
IncreaseDecreaseInAccruedLiabilities,,73959.000,,,,-894.000,,,,,,,,,,
IncreaseDecreaseInCustomerDeposits,,30619.000,,,,-17999.000,,,,-38975.000,,,,-31942.000,,
IncreaseDecreaseInDueToOfficersAndStockholdersCurrent,,,,,,9997.000,,,,-17500.000,,,,,,
IncreaseDecreaseInDueToOtherRelatedParties,,,,,,,,,,,,,,2626.000,,
IncreaseDecreaseInInventories,,-1445.000,,,,4905.000,,,,61542.000,,,,75998.000,,
IncreaseDecreaseInOtherCurrentAssets,,-169332.000,,,,8748.000,,,,-88156.000,,,,60872.000,,
InterestExpense,29794.000,140074.000,327602.000,72669.000,190726.000,73683.000,80579.000,63413.000,35573.000,13398.000,1987.000,-832.000,-34703.000,4078.000,8474.000,
InterestExpenseOther,,,,,,,,,,,,,,,,8389.000
InterestPaid,,,,,,,,,,,,,,1452.000,,
ManagementFeeExpense,,,,,,,,,,,,,,4000.000,4000.000,
MarketingExpense,,,,,,,,,,73184.000,88839.000,56909.000,45892.000,,,
NetCashProvidedByUsedInFinancingActivities,,285111.000,,,,23864.000,,,,1050763.000,,,,902107.000,,
NetCashProvidedByUsedInFinancingActivitiesContinuingOperations,,285111.000,,,,23864.000,,,,1050763.000,,,,902107.000,,
NetCashProvidedByUsedInInvestingActivities,,,,,,,,,,-92752.000,,,,-109923.000,,
NetCashProvidedByUsedInInvestingActivitiesContinuingOperations,,,,,,,,,,-92752.000,,,,-109923.000,,
NetCashProvidedByUsedInOperatingActivities,,-331298.000,,,,-23864.000,,,,-911586.000,,,,-544446.000,,
NetCashProvidedByUsedInOperatingActivitiesContinuingOperations,,-331298.000,,,,-23864.000,,,,-911586.000,,,,-544446.000,,
NetIncomeLoss,-635905.000,-635253.000,-863304.000,,,-185844.000,,-184005.000,,,-595426.000,-368546.000,,-413099.000,-362185.000,-361760.000
NonoperatingIncomeExpense,,,,,,,,,,,,,,,,-799.000
OperatingIncomeLoss,,,,,,,,,,,,,,,,-360961.000
OtherIncome,,,,,,,,,,,,,,,13047.000,
OtherOperatingIncomeExpenseNet,,,,,,,,,,,,-17420.000,,,,
OtherSellingAndMarketingExpense,,,,,,,1500.000,29818.000,,,,,,,,
PaymentsForLoans,,,,,,,,,,,,,,32600.000,,
PaymentsToAcquirePropertyPlantAndEquipment,,,,,,,,,,,,,,109923.000,,
ProFormaWeightedAverageSharesOutstandingDiluted,47307537.000,46621995.000,,,,,,,,,,,,,,
ProceedsFromConvertibleDebt,,,,,,,,,,500000.000,,,,,,
ProceedsFromIssuanceOfCommonStock,,,,,,,,,,500000.000,,,,350000.000,,
ProceedsFromIssuanceOfLongTermDebt,,50000.000,,,,24500.000,,,,83634.000,,,,65144.000,,
ProceedsFromLoans,,,,,,,,,,,,,,527600.000,,
ProfitLoss,,-653253.000,,-717915.000,,,,,,84819.000,,,,,,
RepaymentsOfConvertibleDebt,,,,,,,,,,-15371.000,,,,,,
RepaymentsOfLongTermDebt,,-5018.000,,,,-10633.000,,,,,,,,2912.000,,
RepaymentsOfOtherLongTermDebt,,,,,,,,,,,,,,5125.000,,
ResearchAndDevelopmentExpense,55676.000,3000.000,33007.000,42593.000,46805.000,,,,,,,19437.000,,,,2015.000
Revenues,239023.000,265535.000,223381.000,135749.000,-96400.000,31709.000,,,,342731.000,204945.000,256717.000,167310.000,192613.000,435251.000,159959.000
SalesRevenueNet,239023.000,265535.000,223381.000,135749.000,-96400.000,31709.000,,,,342731.000,204945.000,256717.000,167310.000,192613.000,422204.000,159959.000
SellingAndMarketingExpense,,,52924.000,135084.000,,,,,,,,,,69058.000,121453.000,50216.000
ShareBasedCompensation,,16342.000,,,,51476.000,,,,,,,,,,
ShareBasedCompensationArrangementByShareBasedPaymentAwardFairValueAssumptionsExpectedTermMaximum,,,,,,10.000,10.000,10.000,-20.000,,,,,,,
ShareBasedCompensationArrangementByShareBasedPaymentAwardFairValueAssumptionsExpectedTermMinimum,,,,,,5.000,5.000,5.000,-11.600,,,,,,,
ShareBasedCompensationArrangementByShareBasedPaymentAwardFairValueAssumptionsExpectedVolatilityRateMaximum,,,,,,0.600,0.600,0.600,-0.800,,,,,,,
ShareBasedCompensationArrangementByShareBasedPaymentAwardFairValueAssumptionsExpectedVolatilityRateMinimum,,,,,,0.400,0.400,0.400,-0.800,,,,,,,
ShareBasedCompensationArrangementByShareBasedPaymentAwardFairValueAssumptionsRiskFreeInterestRateMaximum,,,,,,0.034,0.034,0.034,-0.079,,,,,,,
ShareBasedCompensationArrangementByShareBasedPaymentAwardFairValueAssumptionsRiskFreeInterestRateMinimum,,,,,,0.023,0.023,0.023,-0.065,,,,,,,
ShareBasedCompensationArrangementByShareBasedPaymentAwardOptionsExpirationsInPeriod,,,,,,0.000,,,,,,,,,,
ShareBasedCompensationArrangementByShareBasedPaymentAwardOptionsGrantsInPeriod,,,,,,0.000,,,,,,,,,,
WeightedAverageNumberOfShareOutstandingBasicAndDiluted,,,47880037.000,48380952.000,,48463370.000,48463370.000,48463370.000,-96927740.000,44214496.000,40840934.000,41052143.000,-83904602.000,41655894.000,42125121.000,42364743.000
