,2011-07-03,2012-01-01,2012-04-01,2012-07-01,2012-09-30,2012-12-30,2013-03-31,2013-06-30,2013-09-29,2013-12-29,2014-03-30,2014-06-29,2014-09-28,2014-12-28,2015-03-29,2015-06-28,2015-09-27,2015-12-27,2016-03-27,2016-06-26,2017-01-01,2017-04-02
AdjustmentsToReconcileNetIncomeLossToCashProvidedByUsedInOperatingActivities,,153000.000,,,,-259000.000,,,,1133000.000,,,,3099000.000,,,,1460000.000,,,-723000.000,
AmortizationOfAdvanceRoyalty,,,,0.000,,,,,,,,,,,,,,7000.000,8000.000,8000.000,7000.000,8000.000
AmortizationOfIntangibleAssets,0.000,,,,,,,,,,,,,342000.000,,,,,,,,
CashAndCashEquivalentsPeriodIncreaseDecrease,,-215000.000,,,,-240000.000,,,,573000.000,,,,-326000.000,,,,722000.000,,,-499000.000,
ChangeInUnrealizedGainLossOnHedgedItemInFairValueHedge1,,,,,,,,,,,,,,,,,,,,,,72000.000
CostOfGoodsAndServicesSold,2681000.000,3568000.000,3227000.000,2807000.000,2247000.000,3152000.000,3115000.000,3688000.000,3906000.000,2736000.000,1818000.000,1615000.000,2641000.000,1719000.000,3430000.000,2572000.000,3896000.000,2746000.000,2701000.000,4261000.000,2740000.000,3271000.000
DepreciationDepletionAndAmortization,,113000.000,,,,18000.000,,,,19000.000,,,,66000.000,,,,86000.000,86000.000,88000.000,83000.000,85000.000
DerivativeGainLossOnDerivativeNet,,,,,,,,,,,,,,,,,,,,,430000.000,-72000.000
DividendsPreferredStock,104000.000,107000.000,-213000.000,0.000,0.000,0.000,,,,,,,,,,,,,,,,
EarningsPerShareBasicAndDiluted,0.000,0.000,0.000,-0.000,0.000,0.000,-0.000,-0.000,,-0.000,0.000,0.002,,-0.017,0.016,-0.010,-19.049,-0.750,-0.900,0.120,0.040,-0.020
EarningsPerShareDiluted,,,,,,,,,,,,,,,,,,,,,0.040,-0.020
EmployeeServiceShareBasedCompensationAllocationOfRecognizedPeriodCostsCapitalizedAmount,,,,42000.000,,27000.000,,,,,,,,,,,,,,,,
FairValueOfAssetsAcquired,,,,,,,,,,,,,,,,,,10783000.000,11518000.000,10922000.000,12391000.000,12354000.000
FinitelivedIntangibleAssetsAcquired1,,,,,,,,,,,,,,,,,,0.000,,,,
GeneralAndAdministrativeExpense,592000.000,676000.000,645000.000,787000.000,598000.000,635000.000,807000.000,766000.000,742000.000,629000.000,577000.000,648000.000,521000.000,687000.000,810000.000,741000.000,588000.000,694000.000,828000.000,872000.000,844000.000,840000.000
GrossProfit,550000.000,702000.000,636000.000,669000.000,398000.000,698000.000,655000.000,670000.000,1186000.000,618000.000,364000.000,243000.000,173000.000,379000.000,-27000.000,-260000.000,1294000.000,467000.000,515000.000,1083000.000,772000.000,769000.000
IncomeLossFromContinuingOperationsBeforeIncomeTaxesExtraordinaryItemsNoncontrollingInterest,,,-16000.000,-120000.000,,63000.000,-158000.000,-118000.000,430000.000,-18000.000,-214000.000,-399000.000,-354000.000,-2830000.000,3642000.000,-1014000.000,693000.000,-245000.000,-310000.000,199000.000,354000.000,-149000.000
IncomeLossFromContinuingOperationsBeforeIncomeTaxesMinorityInterestAndIncomeLossFromEquityMethodInvestments,-52000.000,16000.000,,,,,,,,,,,,,,,,,,,,
IncomeLossFromContinuingOperationsIncludingPortionAttributableToNoncontrollingInterest,,,,,,,,,,,,,,,3642000.000,-1014000.000,,-245000.000,,,,
IncomeTaxExpenseBenefit,-17000.000,65000.000,53000.000,17000.000,-87000.000,22000.000,-52000.000,-39000.000,149000.000,-5000.000,-72000.000,,,,,,,,,,,
IncreaseDecreaseInAccountsPayableAndAccruedLiabilities,,-277000.000,,,,101000.000,,,,-544000.000,,,,236000.000,,,,63000.000,,,-131000.000,
IncreaseDecreaseInAccountsReceivable,,-382000.000,,,,96000.000,,,,-1399000.000,,,,130000.000,,,,-1636000.000,,,-82000.000,
IncreaseDecreaseInCustomerAdvancesAndDeposits,,,,,,397000.000,,,,-243000.000,,,,-257000.000,,,,-99000.000,,,-72000.000,
IncreaseDecreaseInDeferredIncomeTaxes,,-65000.000,,,,-23000.000,,,,5000.000,,,,,,,,,,,,
IncreaseDecreaseInIntangibleAssetsCurrent,,,,,,,,,,,,,,342000.000,,,,,,,,
IncreaseDecreaseInInventories,,134000.000,,,,679000.000,,,,-517000.000,,,,1175000.000,,,,150000.000,,,371000.000,
IncreaseDecreaseInPrepaidExpense,,29000.000,,,,48000.000,,,,28000.000,,,,1000.000,,,,94000.000,,,-45000.000,
IncreaseDecreaseInPrepaidRoyalties,,,,,,,,,,,,,,,,,,,,,-7000.000,
InterestExpense,10000.000,-10000.000,-7000.000,-2000.000,38000.000,0.000,6000.000,22000.000,14000.000,7000.000,1000.000,-6000.000,6000.000,5479000.000,-5326000.000,13000.000,13000.000,18000.000,-3000.000,12000.000,4000.000,6000.000
InterestPaid,,5000.000,,,,0.000,,,,7000.000,,,,,,,,24000.000,,,4000.000,
LeaseAndRentalExpense,,,,73000.000,,74000.000,70000.000,79000.000,89000.000,54000.000,120000.000,82000.000,81000.000,104400.000,,,,154000.000,151000.000,169000.000,166000.000,161000.000
LineOfCreditFacilityPeriodicPaymentInterest,,,,2000.000,,0.000,,,,,,,,,,,,,,,,
NetCashProvidedByUsedInFinancingActivities,,-319000.000,,,,0.000,,,,-554000.000,,,,1486000.000,,,,-500000.000,,,,
NetCashProvidedByUsedInFinancingActivitiesContinuingOperations,,-319000.000,,,,0.000,,,,-554000.000,,,,1486000.000,,,,-500000.000,,,,
NetCashProvidedByUsedInInvestingActivities,,0.000,,,,-22000.000,,,,7000.000,,,,-2081000.000,,,,7000.000,,,-130000.000,
NetCashProvidedByUsedInInvestingActivitiesContinuingOperations,,0.000,,,,-22000.000,,,,7000.000,,,,-2081000.000,,,,7000.000,,,-130000.000,
NetCashProvidedByUsedInOperatingActivities,,104000.000,,,,-218000.000,,,,1120000.000,,,,269000.000,,,,1215000.000,,,-369000.000,
NetCashProvidedByUsedInOperatingActivitiesContinuingOperations,,104000.000,,,,-218000.000,,,,1120000.000,,,,269000.000,,,,1215000.000,,,-369000.000,
NetIncomeLoss,-35000.000,-49000.000,-69000.000,-137000.000,-113000.000,41000.000,-106000.000,-79000.000,281000.000,-13000.000,-142000.000,-399000.000,-1508000.000,-2830000.000,,,,-245000.000,-310000.000,199000.000,354000.000,-149000.000
NetIncomeLossAvailableToCommonStockholdersBasic,-139000.000,-156000.000,144000.000,-137000.000,-113000.000,41000.000,-106000.000,-79000.000,281000.000,-13000.000,-142000.000,-399000.000,-1508000.000,-2830000.000,-2799000.000,-1014000.000,693000.000,,-310000.000,199000.000,,
NonoperatingIncomeExpense,-10000.000,10000.000,7000.000,2000.000,0.000,0.000,-6000.000,-22000.000,-14000.000,-7000.000,-1000.000,6000.000,-6000.000,-4632000.000,4479000.000,-13000.000,2097000.000,-18000.000,3000.000,-12000.000,426000.000,-78000.000
OperatingExpenses,592000.000,,,,,,,,,,,,,,,,,,,,,
OperatingIncomeLoss,-42000.000,26000.000,-9000.000,-118000.000,-200000.000,63000.000,-152000.000,-96000.000,444000.000,-11000.000,-213000.000,-405000.000,-348000.000,-308000.000,-837000.000,-1001000.000,706000.000,-227000.000,-313000.000,211000.000,-72000.000,-71000.000
OperatingLeasesRentExpenseMinimumRentals,,,,,,,,,,,,,,506000.000,,,,,,,,
OperatingLeasesRentExpenseNet,,,,,,,,,,,,,,28400.000,,,,,,,,
OperatingLeasesRentExpenseSubleaseRentals1,,,,,,,,,,,,,,94000.000,,,,,,,,
PaymentsForRent,,,,,,,,,,20400.000,,,,21200.000,,,,,,,,
PaymentsOfDebtIssuanceCosts,,,,,,,,,,,,,,74000.000,,,,,,,,
PaymentsToAcquirePropertyPlantAndEquipment,,0.000,,,,29000.000,,,,,,,,2088000.000,,,,,19000.000,,130000.000,
PreferredStockAmountOfPreferredDividendsInArrears,,,,,,,,,,,,,,,,,,,,0.000,,
PreferredStockDividendsIncomeStatementImpact,,,,,,,,,,,,,,,6441000.000,,,,,,,
ProceedsFromConvertibleDebt,,,,,,,,,,,,,,1560000.000,,,,,,,,
ProceedsFromLinesOfCredit,,-319000.000,,,,0.000,,,,,,,,,,,,,,,,
ProceedsFromRepaymentsOfLinesOfCredit,,,,,,,,,,-554000.000,,,,,,,,-500000.000,,,,
RevenueRecognitionMilestoneMethodRevenueRecognized,,,,233000.000,,10000.000,0.000,0.000,-10000.000,0.000,0.000,0.000,,0.000,,,,0.000,,,,
Revenues,3231000.000,4270000.000,3863000.000,3476000.000,2645000.000,3850000.000,3770000.000,4358000.000,5092000.000,3354000.000,2182000.000,1858000.000,2814000.000,2098000.000,3403000.000,2312000.000,5190000.000,3213000.000,3216000.000,5344000.000,3512000.000,4040000.000
RoyaltyExpense,,,,,,7000.000,8000.000,8000.000,,7000.000,8000.000,8000.000,,7500.000,,,,,,,,
SalesRevenueNet,3231000.000,4270000.000,3863000.000,3476000.000,2645000.000,3850000.000,3770000.000,4358000.000,5092000.000,3354000.000,2182000.000,1858000.000,2814000.000,2098000.000,3403000.000,2312000.000,5190000.000,3213000.000,3216000.000,5344000.000,3512000.000,4040000.000
ShareBasedCompensation,,28000.000,,,,27000.000,59000.000,33000.000,9000.000,18000.000,29000.000,29000.000,29000.000,67000.000,,25000.000,,24000.000,24000.000,63000.000,64000.000,65000.000
ShareBasedCompensationArrangementByShareBasedPaymentAwardOptionsGrantsInPeriod,,,,46070000.000,,,,0.000,,,,,,,,,,,,,,
ShareBasedCompensationArrangementByShareBasedPaymentAwardOptionsGrantsInPeriodGross,,,,,,48751649.000,,,,73751649.000,,,,73751649.000,,,,73752.000,,,,
ShareBasedCompensationArrangementByShareBasedPaymentAwardOptionsVestedInPeriodFairValue,,,,,,80000.000,,,,,,,,,,,,,,,,
StockIssuedDuringPeriodSharesNewIssues,,,,5000000.000,,,,,,,,,,,,,,,,,,
StockIssuedDuringPeriodSharesStockOptionsExercised,,,,0.000,,,,0.000,,,,,,,,,,,,,,
StockIssuedDuringPeriodValueNewIssues,,,,,,,,,,,,,,,,,,,,,4247000.000,
StockIssuedDuringPeriodValueShareBasedCompensationGross,,,,,,,,,,,,,,57000.000,,,,,,,,
UnrealizedGainLossOnDerivatives,,,,,,,,,,,,,,847000.000,-847000.000,,,,,,,
WeightedAverageNumberOfDilutedSharesOutstanding,,,,,,,,,,,,,,,,,,,,,9600309.000,8188591.000
WeightedAverageNumberOfShareOutstandingBasicAndDiluted,,,,,,,152957718.000,157346607.000,,157346607.000,160588050.000,170913943.000,,170913943.000,170913943.000,172320536.000,,326122.000,344881.000,1607079.000,,
WeightedAverageNumberOfSharesOutstandingBasic,,,,,,,,,,,,,,,,,,,,,8175309.000,8188591.000
