,2013-06-30,2013-09-30,2014-03-31,2014-06-30,2014-09-30,2014-12-31,2015-03-31,2015-06-30,2015-09-30,2015-12-31,2016-03-31,2016-06-30,2016-09-30,2016-12-31,2017-03-31
AllocatedShareBasedCompensationExpense,,,,,,,1252000.000,,,,1927000.000,,,,2267000.000
AmortizationOfDebtDiscountPremium,,,51000.000,,,,0.000,,,,,,,,
AvailableForSaleSecuritiesGrossRealizedGains,,,1900000.000,0.000,3000000.000,,,,,,,,,,
AvailableForSaleSecuritiesGrossRealizedLosses,,,0.000,0.000,0.000,,,,,,,,,,
AvailableforsaleSecuritiesGrossRealizedGainLossExcludingOtherThanTemporaryImpairments,,,,,,,0.000,,,,,,,,
CashAndCashEquivalentsPeriodIncreaseDecrease,,,19032000.000,,,,-2895000.000,,,,,,,,
CashAndCashEquivalentsPeriodIncreaseDecreaseExcludingExchangeRateEffect,,,,,,,,,,,7721000.000,,,,-15175000.000
ComprehensiveIncomeNetOfTax,,-7695000.000,-11435000.000,-14090000.000,-12176000.000,-12402000.000,-14869000.000,-12415000.000,-9442000.000,-8841000.000,,,-10125000.000,,-18843000.000
ConcentrationRiskPercentage1,,,0.100,0.100,,,,,,,,,,,
CostOfRevenue,3522000.000,3784000.000,4325000.000,4860000.000,5271000.000,6693000.000,5340000.000,5871000.000,6289000.000,8626000.000,5870000.000,7871000.000,8075000.000,8429000.000,7163000.000
CostsAndExpenses,13856000.000,15556000.000,19731000.000,23014000.000,23747000.000,27124000.000,25381000.000,24492000.000,24137000.000,29899000.000,27982000.000,32177000.000,32399000.000,35107000.000,35529000.000
DebtInstrumentRedemptionPricePercentage,,,,,,,0.040,,,,,,,,
DepreciationDepletionAndAmortization,,,396000.000,,,,485000.000,,,,692000.000,,,,814000.000
EarningsPerShareBasicAndDiluted,-13.690,-0.530,-0.680,-0.780,-0.670,-0.670,-0.810,-0.660,-0.490,-0.440,-0.740,-0.550,-0.510,-0.540,-0.870
EffectOfExchangeRateOnCashAndCashEquivalents,,,,,,,,,,,,,,,8000.000
EffectOfExchangeRateOnCashAndCashEquivalentsContinuingOperations,,,,,,,20000.000,,,,10000.000,,,,
FairValueAdjustmentOfWarrants,,,,,0.000,,,,,,,,,,
GainOnSaleOfInvestments,,,2000.000,,,,,,,,,,,,
IncomeLossFromContinuingOperationsBeforeIncomeTaxesExtraordinaryItemsNoncontrollingInterest,,,,,,,,,,,-14603000.000,-10770000.000,-10050000.000,-11550000.000,-18807000.000
IncomeTaxExpenseBenefit,,,,,,,,,,,0.000,35000.000,38000.000,43000.000,45000.000
IncreaseDecreaseInAccountsPayable,,,-735000.000,,,,1097000.000,,,,270000.000,,,,-2103000.000
IncreaseDecreaseInAccountsReceivable,,,-902000.000,,,,-1966000.000,,,,-4198000.000,,,,-5466000.000
IncreaseDecreaseInAccruedLiabilities,,,-1651000.000,,,,-3747000.000,,,,-4610000.000,,,,-3382000.000
IncreaseDecreaseInDeferredRevenue,,,-217000.000,,,,-663000.000,,,,20002000.000,,,,-244000.000
IncreaseDecreaseInInventories,,,772000.000,,,,2690000.000,,,,2379000.000,,,,837000.000
IncreaseDecreaseInOtherOperatingAssets,,,-136000.000,,,,-35000.000,,,,0.000,,,,82000.000
IncreaseDecreaseInPrepaidDeferredExpenseAndOtherAssets,,,,,,,226000.000,,,,-758000.000,,,,193000.000
IncreaseDecreaseInPrepaidExpense,,,568000.000,,,,,,,,,,,,
IncreaseDecreaseInRestrictedCash,,,-59000.000,,,,0.000,,,,,,,,
InterestExpense,489000.000,538000.000,536000.000,2015000.000,697000.000,,,,,,,,,,
InvestmentIncomeAmortizationOfPremium,,,-173000.000,,,,,,,,,,,,
InvestmentIncomeInterest,3000.000,22000.000,64000.000,75000.000,65000.000,68000.000,67000.000,56000.000,58000.000,52000.000,68000.000,94000.000,104000.000,124000.000,147000.000
InvestmentIncomeInvestmentExpense,,,,,,,984000.000,1001000.000,1022000.000,1010000.000,1315000.000,1326000.000,1509000.000,1522000.000,1501000.000
InvestmentIncomeNetAmortizationOfDiscountAndPremium,,,,,,,-88000.000,,,,-70000.000,,,,-89000.000
NetCashProvidedByUsedInFinancingActivities,,,56437000.000,,,,678000.000,,,,968000.000,,,,934000.000
NetCashProvidedByUsedInFinancingActivitiesContinuingOperations,,,56437000.000,,,,678000.000,,,,968000.000,,,,934000.000
NetCashProvidedByUsedInInvestingActivities,,,-24347000.000,,,,13147000.000,,,,-828000.000,,,,-843000.000
NetCashProvidedByUsedInInvestingActivitiesContinuingOperations,,,-24347000.000,,,,13147000.000,,,,-828000.000,,,,-843000.000
NetCashProvidedByUsedInOperatingActivities,,,-13058000.000,,,,-16720000.000,,,,7581000.000,,,,-15266000.000
NetCashProvidedByUsedInOperatingActivitiesContinuingOperations,,,-13058000.000,,,,-16720000.000,,,,7581000.000,,,,-15266000.000
NetIncomeLoss,-5495000.000,-7700000.000,-11422000.000,-14088000.000,-12148000.000,-12380000.000,-14894000.000,-12404000.000,-9467000.000,-8816000.000,-14603000.000,-10805000.000,-10088000.000,-11593000.000,-18852000.000
NetIncomeLossAvailableToCommonStockholdersBasic,-7806000.000,-7700000.000,-11422000.000,-14088000.000,-12148000.000,-12380000.000,,,,,,,,,
NonoperatingIncomeExpense,1143000.000,-533000.000,-442000.000,-1955000.000,-744000.000,-874000.000,-1106000.000,-978000.000,-1023000.000,-1066000.000,-1318000.000,-1220000.000,-1584000.000,-1675000.000,-1341000.000
OperatingIncomeLoss,-6638000.000,-7167000.000,-10980000.000,-12133000.000,-11404000.000,-11506000.000,-13788000.000,-11426000.000,-8444000.000,-7584000.000,-13285000.000,-9550000.000,-8466000.000,-9875000.000,-17466000.000
OtherComprehensiveIncomeLossNetOfTax,,,,,,,,,,,-14569000.000,-10782000.000,,,
OtherComprehensiveIncomeUnrealizedHoldingGainLossOnSecuritiesArisingDuringPeriodNetOfTax,,,-13000.000,-2000.000,-28000.000,-22000.000,25000.000,-11000.000,25000.000,-25000.000,34000.000,23000.000,-37000.000,-48000.000,9000.000
OtherNonoperatingIncomeExpense,-9000.000,-17000.000,30000.000,-15000.000,-112000.000,,-189000.000,-33000.000,-59000.000,-108000.000,-71000.000,12000.000,-179000.000,-277000.000,13000.000
OtherThanTemporaryImpairmentLossesInvestmentsAvailableforsaleSecurities,,,,,,,0.000,,,,0.000,,,,0.000
PaymentsToAcquireAvailableForSaleSecurities,,,,,,,11900000.000,,,,12450000.000,,,,10125000.000
PaymentsToAcquirePropertyPlantAndEquipment,,,446000.000,,,,632000.000,,,,828000.000,,,,2493000.000
PaymentsToAcquireShortTermInvestments,,,29631000.000,,,,,,,,,,,,
ProceedsFromIssuanceInitialPublicOffering,,,57016000.000,,,,0.000,,,,,,,,
ProceedsFromIssuanceOfSharesUnderIncentiveAndShareBasedCompensationPlans,,,,,,,,,,,767000.000,,,,926000.000
ProceedsFromIssuanceOfSharesUnderIncentiveAndShareBasedCompensationPlansIncludingStockOptions,,,442000.000,,,,664000.000,,,,,,,,
ProceedsFromMaturitiesPrepaymentsAndCallsOfAvailableForSaleSecurities,,,,,,,22679000.000,,,,11200000.000,,,,10775000.000
ProceedsFromSaleMaturityAndCollectionOfShorttermInvestments,,,5671000.000,,,,,,,,,,,,
ProceedsFromSaleOfAvailableForSaleSecurities,,,,,,,3000000.000,,,,,,,,
ProceedsFromSaleOfShortTermInvestments,,,,,,,,,,,1250000.000,,,,1000000.000
ProceedsFromStockOptionsExercised,,,108000.000,,,,82000.000,,,,269000.000,,,,288000.000
ProductWarrantyAccrualPayments,24000.000,,28000.000,,85000.000,,90000.000,24000.000,318000.000,,,,,,
ProductWarrantyAccrualWarrantiesIssued,52000.000,,80000.000,,145000.000,,60000.000,67000.000,35000.000,,,,,,
RecognitionOfDeferredRevenue,,,,,1079000.000,,761000.000,568000.000,1783000.000,2916000.000,2561000.000,5139000.000,4766000.000,4889000.000,2298000.000
RepaymentsOfLongTermCapitalLeaseObligations,,,,,,,,,,,,,,,32000.000
RepaymentsOfLongTermDebt,,,1129000.000,,,,68000.000,,,,,,,,
ResearchAndDevelopmentExpense,3626000.000,3784000.000,4732000.000,5274000.000,5961000.000,5437000.000,5916000.000,5798000.000,5812000.000,7071000.000,7208000.000,8799000.000,8717000.000,9996000.000,10801000.000
RestrictedStockValueSharesIssuedNetOfTaxWithholdings,,,,,,,,,,,,,,,248000.000
Revenues,7218000.000,8389000.000,8751000.000,10881000.000,12343000.000,15618000.000,11593000.000,13066000.000,15693000.000,22315000.000,14697000.000,22627000.000,23933000.000,25232000.000,18063000.000
SalesRevenueNet,7218000.000,8389000.000,8751000.000,10263000.000,11264000.000,15618000.000,10832000.000,12498000.000,13910000.000,19399000.000,12136000.000,17488000.000,19167000.000,20343000.000,15765000.000
SellingGeneralAndAdministrativeExpense,6708000.000,7988000.000,10674000.000,12880000.000,12515000.000,14994000.000,14125000.000,12823000.000,12036000.000,14202000.000,14904000.000,15507000.000,15607000.000,16682000.000,17565000.000
ShareBasedCompensation,,,1039000.000,,,,,,,,,,,,
StockAndWarrantsIssuedDuringPeriodValuePreferredStockAndWarrants,137000.000,,,,,,,,,,,,,,
StraightLineRent,,,130000.000,,,,-310000.000,,,,-904000.000,,,,
TemporaryEquityAccretionToRedemptionValueAdjustment,2311000.000,,,,0.000,,,,,,,,,,
UnrealizedGainLossOnSecurities,,5000.000,,,,,,,,,,,,,
WeightedAverageNumberOfShareOutstandingBasicAndDiluted,570000.000,14616000.000,16917000.000,18069000.000,18134000.000,-35281000.000,18310000.000,18831000.000,19431000.000,-37545000.000,19669000.000,19803000.000,,,21588000.000
