,2011-04-30,2011-07-30,2011-10-29,2012-01-28,2012-04-28,2012-07-28,2012-10-27,2013-05-04,2013-08-03,2013-11-02,2014-02-01,2014-05-03,2014-08-02,2014-11-01,2015-01-31,2015-05-02,2015-08-01,2015-10-31,2016-01-30,2016-04-30,2016-07-30,2016-10-29,2017-01-28,2017-04-29
AdjustmentToAdditionalPaidInCapitalIncomeTaxEffectFromShareBasedCompensationNet,,,,,,,,,,,,,,,,4003000.000,,,,3203000.000,,,,
AdjustmentsToAdditionalPaidInCapitalSharebasedCompensationRequisiteServicePeriodRecognitionValue,2808000.000,,,,2893000.000,,,3048000.000,,,,4063000.000,,,,3342000.000,,,,4022000.000,,,,5491000.000
AdjustmentsToAdditionalPaidInCapitalTaxEffectFromShareBasedCompensation,8736000.000,,,,16550000.000,,,3901000.000,,,,,,,,,,,,,,,,
AntidilutiveSecuritiesExcludedFromComputationOfEarningsPerShareAmount,189000.000,124000.000,595000.000,-287000.000,525000.000,653000.000,522000.000,562000.000,498000.000,254000.000,-656000.000,665000.000,621000.000,500000.000,-1100000.000,200000.000,119000.000,293000.000,-242000.000,386000.000,117000.000,21000.000,-382000.000,163000.000
CapitalExpendituresIncurredButNotYetPaid,4495000.000,,,,4360000.000,,,688000.000,,,,436000.000,,,,9972000.000,,,,,,,,3854000.000
CashAndCashEquivalentsPeriodIncreaseDecrease,5626000.000,,,,12607000.000,,,-27261000.000,,,,37233000.000,,,,-3142000.000,,,,-106586000.000,,,,-63285000.000
CommonStockDividendsPerShareDeclared,,,,,1.000,,,,,,,,,,,,,,,,,,,
CostOfGoodsAndServicesSold,251101000.000,260280000.000,263884000.000,384046000.000,303186000.000,314058000.000,320147000.000,378763000.000,388921000.000,387120000.000,574521000.000,467817000.000,474894000.000,463967000.000,697904000.000,564938000.000,570524000.000,575062000.000,829259000.000,683286000.000,684377000.000,704179000.000,1035666000.000,838871000.000
DeferredIncomeTaxExpenseBenefit,-942000.000,,,,-513000.000,,,99000.000,,,,306000.000,,,,651000.000,,,,450000.000,,,,268000.000
DepreciationDepletionAndAmortization,17510000.000,,,,20985000.000,,,24779000.000,,,,30473000.000,,,,37967000.000,,,,47887000.000,,,,62476000.000
DividendsCommonStock,,,,,-62420000.000,,,,,,,,,,,,,,,,,,,
EarningsPerShareBasic,0.380,0.390,0.440,0.750,0.560,0.550,0.600,0.660,0.700,0.710,1.100,0.780,0.940,0.920,1.360,1.040,1.160,1.110,1.690,1.460,1.440,1.400,2.250,2.060
EarningsPerShareDiluted,0.370,0.380,0.420,0.730,0.540,0.540,0.590,0.650,0.700,0.700,1.100,0.770,0.940,0.910,1.360,1.040,1.150,1.110,1.680,1.450,1.430,1.400,2.240,2.050
ExcessTaxBenefitFromShareBasedCompensationFinancingActivities,8736000.000,,,,16550000.000,,,3901000.000,,,,901000.000,,,,4003000.000,,,,3203000.000,,,,
ExcessTaxBenefitFromShareBasedCompensationOperatingActivities,8736000.000,,,,16550000.000,,,3901000.000,,,,901000.000,,,,4003000.000,,,,3203000.000,,,,
GainLossOnSaleOfPropertyPlantEquipment,-477000.000,,,,-255000.000,,,-1577000.000,,,,-874000.000,,,,-1121000.000,,,,-812000.000,,,,-1637000.000
GrossProfit,134905000.000,134287000.000,149183000.000,198465000.000,170912000.000,167625000.000,185493000.000,203949000.000,212077000.000,231661000.000,293561000.000,245953000.000,259342000.000,281755000.000,349737000.000,303184000.000,306475000.000,335638000.000,439036000.000,390430000.000,384838000.000,427053000.000,544908000.000,476008000.000
IncomeLossFromContinuingOperationsBeforeIncomeTaxesExtraordinaryItemsNoncontrollingInterest,,,,,,,,,,,,,,,,,118736000.000,111052000.000,,147479000.000,144017000.000,139872000.000,224346000.000,188743000.000
IncomeLossFromContinuingOperationsBeforeIncomeTaxesMinorityInterestAndIncomeLossFromEquityMethodInvestments,38887000.000,39513000.000,44052000.000,73156000.000,57425000.000,57355000.000,61268000.000,67719000.000,72886000.000,72894000.000,114207000.000,81081000.000,98188000.000,94342000.000,137698000.000,107893000.000,,,,,,,,
IncomeTaxExpenseBenefit,15591000.000,15608000.000,17284000.000,26861000.000,22557000.000,22357000.000,23117000.000,25893000.000,27975000.000,27464000.000,43525000.000,31128000.000,37394000.000,35218000.000,50434000.000,40947000.000,44567000.000,39982000.000,61936000.000,55503000.000,54013000.000,52310000.000,84128000.000,60520000.000
IncomeTaxesPaidNet,1346000.000,,,,4864000.000,,,10996000.000,,,,17160000.000,,,,20645000.000,,,,14154000.000,,,,14442000.000
IncreaseDecreaseInAccountsAndOtherReceivables,-6658000.000,,,,3825000.000,,,-11590000.000,,,,-20327000.000,,,,,,,,,,,,
IncreaseDecreaseInAccountsPayable,-5583000.000,,,,25447000.000,,,29602000.000,,,,35866000.000,,,,18731000.000,,,,70104000.000,,,,59834000.000
IncreaseDecreaseInAccountsReceivable,,,,,,,,,,,,,,,,-8882000.000,,,,-10880000.000,,,,
IncreaseDecreaseInAccruedIncomeTaxesPayable,15187000.000,,,,18312000.000,,,14579000.000,,,,13480000.000,,,,19470000.000,,,,40657000.000,,,,
IncreaseDecreaseInAccruedLiabilities,-14271000.000,,,,-1396000.000,,,-13968000.000,,,,-13275000.000,,,,-20100000.000,,,,-25664000.000,,,,-54329000.000
IncreaseDecreaseInFinishedGoodsAndWorkInProcessInventories,37031000.000,,,,87418000.000,,,80960000.000,,,,73494000.000,,,,,,,,,,,,
IncreaseDecreaseInIncomeTaxesPayableNetOfIncomeTaxesReceivable,,,,,,,,,,,,,,,,,,,,,,,,45550000.000
IncreaseDecreaseInInventories,,,,,,,,,,,,,,,,81707000.000,,,,81697000.000,,,,104456000.000
IncreaseDecreaseInOtherOperatingCapitalNet,,,,,,,,-218000.000,,,,-370000.000,,,,-941000.000,,,,-1388000.000,,,,-327000.000
IncreaseDecreaseInPrepaidDeferredExpenseAndOtherAssets,-277000.000,,,,,,,,,,,,,,,-4823000.000,,,,-987000.000,,,,1259000.000
IncreaseDecreaseInPrepaidExpense,,,,,3328000.000,,,-2346000.000,,,,-2602000.000,,,,,,,,,,,,
IncreaseDecreaseInReceivables,,,,,,,,,,,,,,,,,,,,,,,,-25695000.000
IncrementalCommonSharesAttributableToShareBasedPaymentArrangements,2204000.000,2115000.000,1968000.000,-4212000.000,1576000.000,1223000.000,999000.000,653000.000,497000.000,477000.000,-1158000.000,334000.000,287000.000,319000.000,-624000.000,375000.000,323000.000,314000.000,-686000.000,304000.000,338000.000,321000.000,-631000.000,493000.000
InterestExpense,173000.000,147000.000,176000.000,91000.000,21000.000,104000.000,39000.000,,,,,,,,,,,,,,,,,
InterestIncomeExpenseNet,,,,,,,,24000.000,18000.000,7000.000,69000.000,200000.000,209000.000,254000.000,231000.000,311000.000,276000.000,283000.000,273000.000,315000.000,248000.000,211000.000,116000.000,338000.000
LeaseAndRentalExpense,21857000.000,23127000.000,24713000.000,24478000.000,26067000.000,27640000.000,29708000.000,32010000.000,33930000.000,36897000.000,35249000.000,38538000.000,38941000.000,40840000.000,40926000.000,44558000.000,43743000.000,46550000.000,46636000.000,49159000.000,49685000.000,51580000.000,52518000.000,56784000.000
LineOfCreditFacilityUnusedCapacityCommitmentFeePercentage,,,,,,,,,,,,,,,,,,,,0.002,,,,
NetCashProvidedByUsedInFinancingActivities,20729000.000,,,,24860000.000,,,-28092000.000,,,,2646000.000,,,,-14812000.000,,,,-219196000.000,,,,-42275000.000
NetCashProvidedByUsedInFinancingActivitiesContinuingOperations,20729000.000,,,,24860000.000,,,-28092000.000,,,,2646000.000,,,,-14812000.000,,,,-219196000.000,,,,-42275000.000
NetCashProvidedByUsedInInvestingActivities,-19540000.000,,,,-24799000.000,,,-42004000.000,,,,-39106000.000,,,,-56622000.000,,,,-54321000.000,,,,-196754000.000
NetCashProvidedByUsedInInvestingActivitiesContinuingOperations,-19540000.000,,,,-24799000.000,,,-42004000.000,,,,-39106000.000,,,,-56622000.000,,,,-54321000.000,,,,-196754000.000
NetCashProvidedByUsedInOperatingActivities,4437000.000,,,,12546000.000,,,42835000.000,,,,73693000.000,,,,68292000.000,,,,166931000.000,,,,175744000.000
NetCashProvidedByUsedInOperatingActivitiesContinuingOperations,4437000.000,,,,12546000.000,,,42835000.000,,,,73693000.000,,,,68292000.000,,,,166931000.000,,,,175744000.000
NetIncomeLoss,23296000.000,23905000.000,26768000.000,46295000.000,34868000.000,34998000.000,38151000.000,41826000.000,44911000.000,45430000.000,70682000.000,49953000.000,60794000.000,59124000.000,87264000.000,66946000.000,74169000.000,71070000.000,107823000.000,91976000.000,90004000.000,87562000.000,140218000.000,128223000.000
OperatingIncomeLoss,39060000.000,39660000.000,44228000.000,73247000.000,57446000.000,57459000.000,61307000.000,67695000.000,72868000.000,72887000.000,114138000.000,80881000.000,97979000.000,94088000.000,137467000.000,107582000.000,118460000.000,110769000.000,169486000.000,147164000.000,143769000.000,139661000.000,224230000.000,188405000.000
PaymentsForRepurchaseOfCommonStock,,,,,,,,37337000.000,,,,,,,,27956000.000,,,,226666000.000,,,,51597000.000
PaymentsToAcquirePropertyPlantAndEquipment,19540000.000,,,,24799000.000,,,42004000.000,,,,39106000.000,,,,56622000.000,,,,54321000.000,,,,76754000.000
PaymentsToAcquireShortTermInvestments,,,,,,,,,,,,,,,,,,,,,,,,120000000.000
PreOpeningCosts,1230000.000,3816000.000,3958000.000,983000.000,2523000.000,4126000.000,6252000.000,3206000.000,4809000.000,7468000.000,1787000.000,2629000.000,3595000.000,6574000.000,1568000.000,3117000.000,4078000.000,6106000.000,1381000.000,2542000.000,4689000.000,6928000.000,4412000.000,4158000.000
ProceedsFromStockOptionsExercised,11993000.000,,,,8310000.000,,,5416000.000,,,,2998000.000,,,,10154000.000,,,,6209000.000,,,,11831000.000
Revenues,386006000.000,394567000.000,413067000.000,582511000.000,474098000.000,481683000.000,505640000.000,582712000.000,600998000.000,618781000.000,868082000.000,713770000.000,734236000.000,745722000.000,1047641000.000,868122000.000,876999000.000,910700000.000,1268295000.000,1073716000.000,1069215000.000,1131232000.000,1580574000.000,1314879000.000
SalesRevenueNet,386006000.000,394567000.000,413067000.000,582511000.000,474098000.000,481683000.000,505640000.000,582712000.000,600998000.000,618781000.000,868082000.000,713770000.000,734236000.000,745722000.000,1047641000.000,868122000.000,876999000.000,910700000.000,1268295000.000,1073716000.000,1069215000.000,1131232000.000,1580574000.000,1314879000.000
SellingGeneralAndAdministrativeExpense,94615000.000,90811000.000,100997000.000,124235000.000,110943000.000,106040000.000,117934000.000,133048000.000,134400000.000,151306000.000,177636000.000,162443000.000,157768000.000,181093000.000,210702000.000,192485000.000,183937000.000,218763000.000,268169000.000,240724000.000,236380000.000,280464000.000,316266000.000,283445000.000
ShareBasedCompensation,2808000.000,2388000.000,3027000.000,3382000.000,2893000.000,3454000.000,3375000.000,3048000.000,,,,4063000.000,,,,3342000.000,,,,4022000.000,,,,5491000.000
ShareBasedCompensationArrangementByShareBasedPaymentAwardFairValueAssumptionsExpectedDividendRate,0.000,,,,,,,,,,,,,,,,,,,0.000,,,,
ShareBasedCompensationArrangementByShareBasedPaymentAwardFairValueAssumptionsExpectedTerm,6.300,,,,,,,,,,,,,,,,,,,,,,,
ShareBasedCompensationArrangementByShareBasedPaymentAwardFairValueAssumptionsExpectedVolatilityRate,0.544,,,,,,,,,,,,,,,,,,,,,,,
ShareBasedCompensationArrangementByShareBasedPaymentAwardFairValueAssumptionsRiskFreeInterestRate,0.028,,,,0.016,,,0.010,,,,0.014,,,,0.011,,,,0.012,,,,
ShareBasedCompensationArrangementByShareBasedPaymentAwardFairValueAssumptionsWeightedAverageVolatilityRate,,,,,0.540,,,0.543,,,,0.411,,,,0.380,,,,0.350,,,,
ShareBasedCompensationArrangementByShareBasedPaymentAwardOptionsGrantsInPeriod,45000.000,,,,35000.000,,,,,,,,,,,,,,,,,,,
ShareBasedCompensationArrangementByShareBasedPaymentAwardOptionsGrantsInPeriodWeightedAverageGrantDateFairValue,26.110,,,,46.780,,,,,,,,,,,,,,,,,,,
StockIssuedDuringPeriodValueStockOptionsExercised,11993000.000,,,,,,,,,,,,,,,,,,,,,,,
StockRepurchasedAndRetiredDuringPeriodValue,,,,,,,,-37337000.000,,,,,,,,27956000.000,,,,226666000.000,,,,51597000.000
TreasuryStockValueAcquiredCostMethod,,,,,,,,-72000.000,,,,,,,,,,,,,,,,
TreasuryStockValueAcquiredParValueMethod,,,,,,,,,,,,,,,,1013000.000,,,,1942000.000,,,,2509000.000
WeightedAverageNumberOfDilutedSharesOutstanding,62758000.000,63241000.000,63419000.000,-126084000.000,64072000.000,64293000.000,64483000.000,64495000.000,64331000.000,64538000.000,-128903000.000,64607000.000,64636000.000,64738000.000,-129330000.000,64555000.000,64410000.000,64196000.000,-128886000.000,63335000.000,62813000.000,62692000.000,-125989000.000,62594000.000
WeightedAverageNumberOfSharesOutstandingBasic,60554000.000,61126000.000,61451000.000,-121872000.000,62496000.000,63070000.000,63484000.000,63842000.000,63834000.000,64061000.000,-127745000.000,64273000.000,64349000.000,64419000.000,-128706000.000,64180000.000,64087000.000,63882000.000,-128200000.000,63031000.000,62475000.000,62371000.000,-125358000.000,62101000.000
