,2011-09-30,2012-03-31,2012-06-30,2012-09-30,2012-12-31,2013-03-31,2013-06-30,2013-09-30,2013-12-31,2014-03-31,2014-06-30,2014-09-30,2014-12-31,2015-03-31,2015-06-30,2015-09-30,2015-12-31,2016-03-31,2016-06-30,2016-09-30,2016-12-31
AccumulatedDepreciationDepletionAndAmortizationExpensePropertyPlantAndEquipmentCurrentCharge,,,,,,3095.000,,,,,,,,,,,,,,,
AllocatedShareBasedCompensationExpense,,,,,,,,,,45319.000,,,,,,,,,,,
AmortizationOfDebtDiscountPremium,,,,,,,,,,6882.000,,,,,,,,,,,
AntidilutiveSecuritiesExcludedFromComputationOfEarningsPerShareAmount,,,,677380.000,,1749582.000,,,,1901129.000,,,,0.000,,,,,,,
CashAndCashEquivalentsPeriodIncreaseDecrease,,16737.000,,,,-631744.000,,,,,,,,,,,,,,,
CashPeriodIncreaseDecrease,,,,,,,,,,-327016.000,,,,-65870.000,,,,-67758.000,,,
CostOfGoodsSold,168637.000,200612.000,149449.000,281633.000,340233.000,204085.000,143846.000,180103.000,175596.000,195051.000,197011.000,247525.000,212771.000,251645.000,269003.000,245419.000,266345.000,172178.000,148316.000,200894.000,254611.000
Depreciation,,,,,,2395.000,,,,7783.000,,,,7391.000,,,,7300.000,,,
DepreciationAndAmortization,21155.000,1457.000,,,,,,,,15069.000,14834.000,11898.000,-9070.000,7790.000,,,,7487.000,6976.000,6617.000,6513.000
EarningsPerShareBasic,-0.010,-0.010,-0.050,-0.010,-0.000,-0.010,,,,,,,,,,,,,,,
EarningsPerShareBasicAndDiluted,,,,,,,-0.020,,,,-0.020,-0.030,,-0.010,-0.010,-0.010,-0.020,-0.010,-0.010,-0.010,-0.010
GeneralAndAdministrativeExpense,265999.000,237323.000,1198267.000,353438.000,252419.000,352305.000,370582.000,470258.000,518295.000,451402.000,433083.000,559013.000,427035.000,351052.000,396841.000,385209.000,310849.000,312795.000,341461.000,306535.000,256605.000
GrossProfit,148523.000,105757.000,231082.000,280734.000,310240.000,145244.000,53364.000,100818.000,49462.000,125323.000,105374.000,201952.000,200811.000,199055.000,322182.000,192759.000,47148.000,167404.000,104000.000,154156.000,106541.000
IncomeLossFromContinuingOperationsBeforeIncomeTaxesExtraordinaryItemsNoncontrollingInterest,,,,,,,,-467895.000,,-417005.000,-459509.000,-542357.000,-409156.000,-236362.000,-168280.000,-271972.000,-329693.000,-196745.000,-292139.000,-217909.000,-193799.000
IncomeLossFromContinuingOperationsBeforeIncomeTaxesMinorityInterestAndIncomeLossFromEquityMethodInvestments,-179475.000,-162325.000,,,,,,,,,,,,,,,,,,,
IncomeLossFromContinuingOperationsBeforeInterestExpenseInterestIncomeIncomeTaxesExtraordinaryItemsNoncontrollingInterestsNet,,,-1015880.000,-142150.000,,-249620.000,-369393.000,,,,,,,,,,,,,,
IncomeLossFromContinuingOperationsPerBasicAndDilutedShare,,,,,,,,-0.020,,-0.020,,,,,,,,,,,
IncomeTaxExaminationPenaltiesExpense,,,,,,,,,,,,,,,,,,0.000,,,
IncomeTaxExpenseBenefit,,800.000,,,,800.000,,,,800.000,,,,800.000,,,,,800.000,,
IncomeTaxesPaid,,800.000,,,,800.000,,,,800.000,,,,800.000,,,,,,,
IncreaseDecreaseInAccountsPayableAndAccruedLiabilities,,72791.000,,,,-221612.000,,,,45726.000,,,,30766.000,,,,61068.000,,,
IncreaseDecreaseInAccountsPayableRelatedParties,,10764.000,,,,-2298.000,,,,861.000,,,,3614.000,,,,-210.000,,,
IncreaseDecreaseInAccountsReceivable,,-42302.000,,,,71950.000,,,,-5428.000,,,,49741.000,,,,42503.000,,,
IncreaseDecreaseInAccountsReceivableRelatedParties,,16715.000,,,,22066.000,,,,-9029.000,,,,-1427.000,,,,5138.000,,,
IncreaseDecreaseInCustomerDeposits,,32984.000,,,,28351.000,,,,12327.000,,,,52444.000,,,,-3164.000,,,
IncreaseDecreaseInDeferredCompensation,,,,,,-14770.000,,,,,,,,,,,,30577.000,,,
IncreaseDecreaseInDepositOtherAssets,,,,,,,,,,24279.000,,,,-52375.000,,,,-1700.000,,,
IncreaseDecreaseInDeposits,,-43250.000,,,,-37373.000,,,,,,,,,,,,,,,
IncreaseDecreaseInDueToRelatedParties,,-4110.000,,,,,,,,,,,,,,,,,,,
IncreaseDecreaseInEmployeeRelatedLiabilities,,,,,,,,,,-22269.000,,,,6202.000,,,,,,,
IncreaseDecreaseInInventories,,58526.000,,,,-221251.000,,,,-2023.000,,,,-33162.000,,,,-55938.000,,,
IncreaseDecreaseInNotesPayableCurrent,,40000.000,,,,,,,,,,,,,,,,,,,
IncreaseDecreaseInPrepaidExpense,,837.000,,,,-10560.000,,,,-3014.000,,,,1850.000,,,,12867.000,,,
IncrementalCommonSharesAttributableToCallOptionsAndWarrants,,,,,,,,,,,,,,,,,,0.000,,,
InterestExpense,,-408.000,82.000,,,,,,,,,,,,172.000,40.000,,690.000,1949.000,1711.000,1820.000
InterestPaid,,408.000,,,,,,,,,,,,,,,,690.000,,,
InventoryWriteDown,,,,0.000,,0.000,,,,0.000,,,,0.000,,,,0.000,,,
InvestmentIncomeAmortizationOfPremium,,,,,,6881.000,,,,,,,,0.000,,,,,,,
InvestmentIncomeInterest,1.000,,1174.000,21082.000,,21070.000,13668.000,21039.000,9030.000,21021.000,5512.000,18923.000,11.000,9.000,6.000,6.000,3.000,,,,
InvestmentIncomeNet,,,,,,,,,,,12921.000,,,,3934.000,,,,,,
IssuanceOfStockAndWarrantsForServicesOrClaims,,15450.000,,,,38350.000,,,,45319.000,,,,,,,,,,,
NetCashProvidedByUsedInFinancingActivities,,60000.000,,,,,,,,,,,,1500.000,,,,,,,
NetCashProvidedByUsedInFinancingActivitiesContinuingOperations,,60000.000,,,,,,,,,,,,1500.000,,,,,,,
NetCashProvidedByUsedInInvestingActivities,,,,,,-47445.000,,,,-1459.000,,,,,,,,,,,
NetCashProvidedByUsedInInvestingActivitiesContinuingOperations,,,,,,-47445.000,,,,-1459.000,,,,,,,,,,,
NetCashProvidedByUsedInOperatingActivities,,-43264.000,,,,-584299.000,,,,-325557.000,,,,-67370.000,,,,-67758.000,,,
NetCashProvidedByUsedInOperatingActivitiesContinuingOperations,,-43264.000,,,,-584299.000,,,,-325557.000,,,,-67370.000,,,,-67758.000,,,
NetIncomeLoss,-179475.000,-163125.000,-1015880.000,,,,,,,,,,,-237162.000,,,,,,,
NonoperatingIncomeExpense,1.000,,1092.000,21082.000,,21070.000,13668.000,21039.000,9017.000,21021.000,18433.000,18923.000,736.000,9.000,3768.000,-34.000,-1425.000,3540.000,-805.000,-1511.000,-1819.000
OperatingExpenses,327999.000,267674.000,1248054.000,443966.000,374230.000,415934.000,436425.000,589752.000,584959.000,563349.000,583316.000,763232.000,610703.000,435426.000,494230.000,464697.000,375416.000,367689.000,395334.000,370554.000,298521.000
OperatingIncomeLoss,-179476.000,-161917.000,-1016972.000,-163232.000,-63990.000,-270690.000,-383061.000,-488934.000,-535497.000,-438026.000,-477942.000,-561280.000,-409892.000,-236371.000,-172048.000,-271938.000,-328268.000,-200285.000,-291334.000,-216398.000,-191980.000
OtherDepreciationAndAmortization,,,1533.000,1606.000,,13270.000,14066.000,14503.000,-19633.000,8187.000,,,,7790.000,7734.000,7526.000,7578.000,,,,
OtherExpenses,,-408.000,,,,,,,,,,,,,,,,,,,
OtherIncome,,,,,,,,,,,,,,,,,,4230.000,1144.000,200.000,0.000
PaymentsToAcquirePropertyPlantAndEquipment,,,,,,47445.000,,,,1459.000,,,,,,,,,,,
ProceedsFromIssuanceOfCommonStock,,,,,,,,,,,,,,1500.000,,,,,,,
ProfitLoss,,,,-142150.000,,-250420.000,-369393.000,-467895.000,-526480.000,-417805.000,-459509.000,-542357.000,,-237162.000,-168280.000,-271972.000,-329693.000,-196745.000,-292939.000,-217909.000,-193799.000
ResearchAndDevelopmentExpense,40845.000,28894.000,48254.000,88922.000,119675.000,50359.000,51777.000,104991.000,85101.000,103760.000,135399.000,192321.000,168611.000,76584.000,89655.000,71962.000,56989.000,47407.000,46897.000,57402.000,35403.000
RevenueFromRelatedParties,,,,,,,,,,,,,,14819.000,,,,5139.000,5139.000,517.000,650.000
Revenues,317160.000,306369.000,380531.000,562367.000,650473.000,349329.000,197210.000,280921.000,225058.000,320374.000,302385.000,449477.000,413582.000,450700.000,591185.000,438178.000,258569.000,338673.000,248321.000,354733.000,360502.000
SalesRevenueNet,317160.000,306369.000,380531.000,562367.000,650473.000,349329.000,197210.000,280921.000,225058.000,320374.000,302385.000,449477.000,413582.000,450700.000,591185.000,438178.000,258569.000,334443.000,247177.000,354533.000,360502.000
ShareBasedCompensation,,,,,,38350.000,,,,,,,,33603.000,,,,36099.000,,,
ShareBasedCompensationArrangementByShareBasedPaymentAwardEquityInstrumentsOtherThanOptionsGrantsInPeriod,,,,,,,,,,,,,,,,,,0.000,,,
ShareBasedCompensationArrangementByShareBasedPaymentAwardOptionsForfeituresInPeriod,,,,,,,,,,,,,,0.000,,,,100000.000,,,
ShareBasedCompensationArrangementByShareBasedPaymentAwardOptionsGrantsInPeriod,,,,,,,,,,0.000,,,,0.000,,,,0.000,,,
ShareBasedCompensationArrangementsByShareBasedPaymentAwardOptionsExercisesInPeriodWeightedAverageExercisePrice,,,,,,,,,,0.000,,,,0.000,,,,0.000,,,
ShareBasedCompensationArrangementsByShareBasedPaymentAwardOptionsExpirationsInPeriodWeightedAverageExercisePrice,,,,,,,,,,,,,,0.000,,,,0.000,,,
ShareBasedCompensationArrangementsByShareBasedPaymentAwardOptionsGrantsInPeriodWeightedAverageExercisePrice,,,,,,,,,,0.000,,,,0.000,,,,0.000,,,
StockIssuedDuringPeriodSharesEmployeeStockPurchasePlans,,,,,,0.000,,,,,,,,,,,,,,,
StockOptionPlanExpense,,,,,,,,,,,,,,,,,,36099.000,,,
WeightedAverageNumberOfDilutedSharesOutstanding,,17196734.000,19661571.000,19749582.000,,,,,,,,,,,,,,,,,
WeightedAverageNumberOfShareOutstandingBasicAndDiluted,,,,,,19749582.000,19749582.000,19749582.000,-39497959.000,19759582.000,19762897.000,19768520.000,-39474759.000,19980632.000,19981082.000,19981082.000,-39961825.000,19981082.000,20030533.000,20273473.000,-40142804.000
WeightedAverageNumberOfSharesOutstandingBasic,17055203.000,,,,,,,,,,,,,,,,,,,,
