,2011-06-30,2011-09-30,2012-03-31,2012-06-30,2012-09-30,2012-12-31,2013-03-31,2013-06-30,2013-09-30,2013-12-31,2014-03-31,2014-06-30,2014-09-30,2014-12-31,2015-03-31,2015-06-30,2015-09-30
AccretionOfDiscount,,,3504.000,,,,,,,,,,,,,,
AdjustmentsToAdditionalPaidInCapitalSharebasedCompensationRequisiteServicePeriodRecognitionValue,,,495774.000,,,,416923.000,,,,369409.000,,,,,,
AdjustmentsToAdditionalPaidInCapitalWarrantIssued,,,30000.000,,,,18750.000,,,,41854.000,,,,,,
AllocatedShareBasedCompensationExpense,,,,,,,417000.000,,,,,,,,,,
AmortizationOfDebtDiscountPremium,,,,,,,,,,,,,,,6973.000,,
AmortizationOfFinancingCosts,,,22917.000,,,,,,,,140867.000,,,,8217.000,,
AmountOfRegulatoryAssistanceReceived,,,,,,,327555.000,,,,,,,,,,
AntidilutiveSecuritiesExcludedFromComputationOfEarningsPerShareAmount,,,,,,,15747912.000,,,,13558747.000,,,,16866204.000,,
AssetImpairmentCharges,,,,,,,1911917.000,,-662473.000,,,,,,,,0.000
AssetRetirementObligationAccretionExpense,,,,,,,,,,,-29217.000,,,,-31519.000,,
AssetRetirementObligationLiabilitiesIncurred,,,,,,,,,,,-36441.000,,,,,,
AssetRetirementObligationLiabilitiesSettled,,,,,,,,,,,54133.000,,,,,,
BusinessDevelopment,,3113.000,,,,,,,,,,,,,,,
CapitalExpendituresIncurredButNotYetPaid,,,,,,,,,,,669711.000,,,,1812218.000,,
CashAcquiredFromAcquisition,,,1300000.000,,,,0.000,,,,,,,,,,
CashAndCashEquivalentsPeriodIncreaseDecrease,,,2334961.000,,,,-512533.000,,,,1427431.000,,,,25018.000,,
CostsAndExpenses,1037348.000,916061.000,2716300.000,4605437.000,17725356.000,12223093.000,15799284.000,10999909.000,11009372.000,-7312043.000,9244138.000,10030172.000,7483767.000,6362950.000,6292308.000,6246819.000,5140392.000
Depreciation,46892.000,47762.000,192292.000,272472.000,635423.000,770622.000,1050274.000,1064174.000,,,,,,,,,
DepreciationAmortizationAndAccretionNet,,,,,,,,,969242.000,,763984.000,729158.000,725224.000,978679.000,820580.000,833992.000,864856.000
DirectCostsOfLeasedAndRentedPropertyOrEquipment,,203500.000,1326574.000,2361662.000,2463448.000,3349754.000,7772072.000,7577463.000,8368081.000,-4992358.000,6029635.000,4980333.000,3541779.000,3730227.000,3395859.000,2644165.000,2550332.000
DiscontinuedOperationIncomeLossFromDiscontinuedOperationBeforeIncomeTax,,,,,,,,,,,-129694.000,2429233.000,,,-91924.000,-80314.000,-73607.000
DisposalGroupIncludingDiscontinuedOperationOperatingIncomeLoss,,,,1400000.000,,,,,,,,,,,,,
DisposalGroupIncludingDiscontinuedOperationRevenue,,,,3900000.000,,,,,,,419350.000,104035.000,,,,,18238.000
DividendsPreferredStock,,,195404.000,,,,1026647.000,,,,1249999.000,,,,1234532.000,,
EarningsPerShareBasic,-0.070,-0.040,,,,,,,,,,,,,,,
EarningsPerShareBasicAndDiluted,,,-0.030,-0.040,-0.520,-0.140,-0.250,-0.050,-0.050,-0.080,-0.080,-0.060,-0.110,-0.080,-0.070,-0.080,-0.060
GainLossOnDispositionOfAssets1,,,,,,,,,,,,,,,66969.000,,
GainLossOnSaleOfPropertyPlantEquipment,,,,,,,,1774867.000,64741.000,,-56228.000,-8970.000,26000.000,-47172.000,46350.000,-34870.000,18106.000
GainsLossesOnExtinguishmentOfDebt,,,,,,,,,,,263402.000,,,,,,
GoodwillImpairmentLoss,,,,,,,2799044.000,,,,,,,,,,
ImpairmentOfLongLivedAssetsHeldForUse,,,,,,,,,,,,,,,1100000.000,,
ImpairmentOfLongLivedAssetsToBeDisposedOf,,,,,,,,,,,,,931000.000,,,,
ImpairmentOfOngoingProject,,,,,12873013.000,,1911917.000,,-662473.000,,,,,,,,
IncomeLossFromContinuingOperations,-1476080.000,-866341.000,,,,,-7461108.000,-537128.000,-370776.000,5891909.000,-1258500.000,-3320200.000,-1494541.000,-1272819.000,-1369010.000,-2007903.000,-1254000.000
IncomeLossFromContinuingOperationsBeforeIncomeTaxesExtraordinaryItemsNoncontrollingInterest,,,,,,,-7454432.000,-537128.000,-370776.000,5892233.000,-1258500.000,-3320200.000,-1494541.000,-1264819.000,-1369010.000,-2007903.000,-1254000.000
IncomeLossFromContinuingOperationsBeforeIncomeTaxesMinorityInterestAndIncomeLossFromEquityMethodInvestments,,,,,,,,,,,,,,,-1369010.000,-2007903.000,-1254000.000
IncomeLossFromContinuingOperationsPerBasicAndDilutedShare,,,,,,,,,,,-0.080,-0.130,-0.080,-0.060,-0.070,-0.080,-0.060
IncomeLossFromContinuingOperationsPerBasicShare,-0.070,-0.040,,,,,,,,,,,,,,,
IncomeLossFromDiscontinuedOperationsNetOfTaxAttributableToReportingEntity,,,,,,,,,,,-129694.000,2429233.000,-1199051.000,-509232.000,-91924.000,-80314.000,-73067.000
IncomeLossFromDiscontinuedOperationsNetOfTaxPerBasicAndDilutedShare,,,,,,,,,,,0.000,0.070,-0.030,-0.020,0.000,0.000,0.000
IncomeTaxExpenseBenefit,,,,,,,6676.000,,,,0.000,0.000,0.000,8000.000,,,
IncreaseDecreaseInAccountsPayable,,,286209.000,,,,,,,,,,,,,,
IncreaseDecreaseInAccountsPayableAndAccruedLiabilities,,,,,,,-2484860.000,,,,-568883.000,,,,-1257542.000,,
IncreaseDecreaseInAccountsPayableRelatedParties,,,,,,,,,,,-53290.000,,,,-115509.000,,
IncreaseDecreaseInAccountsReceivable,,,-1403638.000,,,,394266.000,,,,-2942811.000,,,,-1242305.000,,
IncreaseDecreaseInAccountsReceivableRelatedParties,,,302941.000,,,,7541.000,,,,581469.000,,,,273728.000,,
IncreaseDecreaseInDepositsOutstanding,,,75002.000,,,,,,,,,,,,,,
IncreaseDecreaseInInventories,,,,,,,,,,,714411.000,,,,-144731.000,,
IncreaseDecreaseInNotesReceivables,,,,,,,,,,,5250000.000,,,,,,
IncreaseDecreaseInPrepaidDeferredExpenseAndOtherAssets,,,,,,,-115717.000,,,,-618555.000,,,,-433871.000,,
IncreaseDecreaseInPrepaidExpense,,,-18008.000,,,,,,,,,,,,,,
IncreaseDecreaseInRestrictedCash,,,,,,,,,,,132000.000,,,,334.000,,
InsuranceRecoveries,,,,,,,,,663569.000,,,,,,,,
InterestAndOtherIncome,9.000,6.000,2.000,2.000,,,502.000,1678.000,131291.000,10484.000,10280.000,73769.000,4128.000,8189.000,537.000,4956.000,4944.000
InterestExpense,188070.000,193051.000,205681.000,272164.000,343460.000,151957.000,247220.000,227008.000,220790.000,316529.000,446951.000,360693.000,303848.000,323545.000,224358.000,390218.000,610105.000
InterestPaid,,,28095.000,,,,211759.000,,,,397824.000,,,,282931.000,,
NetCashProvidedByUsedInFinancingActivities,,,2273332.000,,,,4320252.000,,,,-1036191.000,,,,-246433.000,,
NetCashProvidedByUsedInFinancingActivitiesContinuingOperations,,,2273332.000,,,,4320252.000,,,,-1036191.000,,,,-246433.000,,
NetCashProvidedByUsedInInvestingActivities,,,-1329306.000,,,,-778885.000,,,,1191774.000,,,,398649.000,,
NetCashProvidedByUsedInInvestingActivitiesContinuingOperations,,,-1329306.000,,,,-778885.000,,,,1191774.000,,,,398649.000,,
NetCashProvidedByUsedInOperatingActivities,,,1390935.000,,,,-4053900.000,,,,1271848.000,,,,-127198.000,,
NetCashProvidedByUsedInOperatingActivitiesContinuingOperations,,,1390935.000,,,,-4053900.000,,,,1271848.000,,,,-127198.000,,
NetIncomeLoss,-1476080.000,-866341.000,-653464.000,-700838.000,-13174176.000,-3063691.000,-7461108.000,-537128.000,,,-1388194.000,-890967.000,-2693592.000,-1782051.000,-1460934.000,-2088217.000,-1327067.000
NetIncomeLossAvailableToCommonStockholdersBasic,-1654672.000,-1026338.000,-848868.000,-1004579.000,-15455335.000,-3859570.000,-8487755.000,-1673511.000,-1545032.000,-2803487.000,-2638193.000,-2140967.000,-3928124.000,-3016580.000,-2695466.000,-3322749.000,-1327067.000
NonoperatingIncomeExpense,-438732.000,-180080.000,-205679.000,-272162.000,-319603.000,473868.000,-246718.000,1549537.000,-24758.000,1010901.000,-492899.000,-162340.000,-273720.000,-409712.000,-223821.000,-385262.000,-605161.000
NumberOfReportableSegments,,,,,,,,,,,1.000,,,,1.000,,1.000
OperatingIncomeLoss,-1037348.000,-686261.000,-447785.000,-428676.000,-12854573.000,-6469059.000,-7207714.000,-2086665.000,-346018.000,4881332.000,-765601.000,-3157860.000,-1220821.000,-855107.000,-1145189.000,-1622641.000,-648839.000
OperatingLeasesIncomeStatementLeaseRevenue,,221800.000,406523.000,367339.000,386045.000,377958.000,1582964.000,1632745.000,409649.000,-902232.000,219962.000,151197.000,145417.000,129282.000,131102.000,135408.000,54025.000
OperatingLeasesRentExpenseMinimumRentals,,,,,,,581000.000,,,,,,,,264000.000,,
OtherSalesRevenueNet,,8000.000,,,,,,,,,,,,,,,
PaymentsOfDividends,,,,,,,1026647.000,,,,1249999.000,,,,1234532.000,,
PaymentsOfFinancingCosts,,,2014.000,,,,,,,,,,,,50000.000,,
PaymentsToAcquireBusinessesNetOfCashAcquired,,,909224.000,,,,,,,,,,,,,,
PaymentsToAcquirePropertyPlantAndEquipment,,,420082.000,,,,778885.000,,,,520508.000,,,,1017317.000,,
PreferredStockDividendRatePercentage,,,,,,,,,,,0.100,,,,,,
PreferredStockDividendsIncomeStatementImpact,178592.000,159997.000,195404.000,303741.000,631699.000,795879.000,1026647.000,1136383.000,1174256.000,1249999.000,1249999.000,1250000.000,1234532.000,1234529.000,1234532.000,1234532.000,1234532.000
ProceedsFromIssuanceInitialPublicOffering,,,,,,,,,,,,,,,1900000.000,,
ProceedsFromIssuanceOfCommonStock,,,,,,,,,,,,,,,1900000.000,,
ProceedsFromIssuanceOrSaleOfEquity,,,,,,,5148510.000,,,,,,,,,,
ProceedsFromNotesPayable,,,2413688.000,,,,850325.000,,,,1193642.000,,,,,,
ProceedsFromSaleOfAvailableForSaleSecuritiesEquity,,,,,,,,,,,,,,,1910426.000,,
ProceedsFromSaleOfPropertyPlantAndEquipment,,,,,,,,,,,1844282.000,,,,1416300.000,,
ProceedsFromStockOptionsExercised,,,,,,,97000.000,,,,,,,,,,
ProceedsFromWarrantExercises,,,30000.000,,,,18750.000,,,,,,,,,,
ProfessionalAndContractServicesExpense,,,,25000.000,25000.000,,,,,,,,,,,,
PropertyPlantAndEquipmentAdditions,,,,,,,3719334.000,297275.000,2246015.000,4693590.000,,,,,,,
RepaymentsOfNotesPayable,,,168342.000,,,,767686.000,,,,979834.000,,,,872327.000,,
RevenueFromRelatedParties,,,,,,,,,805000.000,,2000000.000,1700000.000,1400000.000,1400000.000,,1600000.000,1000000.000
Revenues,,229800.000,2268515.000,4176761.000,4870783.000,5754034.000,8591570.000,8913244.000,10663354.000,-2430711.000,8478537.000,6872312.000,6262946.000,5507843.000,5147119.000,4624178.000,4491553.000
SalesRevenueNet,,229800.000,2268515.000,4176761.000,4870783.000,5754034.000,8591570.000,8913244.000,10663354.000,-2430711.000,8478537.000,6872312.000,6262946.000,5507843.000,5147119.000,4624178.000,4491553.000
SellingGeneralAndAdministrativeExpense,990456.000,661686.000,1197434.000,1971303.000,1753472.000,735113.000,1849054.000,1875011.000,1979482.000,2041365.000,2081110.000,2086278.000,2105876.000,5868014.000,2156385.000,2735413.000,1745597.000
ShareBasedCompensation,,,495774.000,,,,416923.000,483261.000,355040.000,-113158.000,369409.000,2234403.000,1110888.000,524633.000,420370.000,,
ShareBasedCompensationArrangementByShareBasedPaymentAwardFairValueAssumptionsExpectedVolatilityRate,,,,,,,0.676,,,,0.640,,,,,,
ShareBasedCompensationArrangementByShareBasedPaymentAwardFairValueAssumptionsRiskFreeInterestRate,,,,,,,0.012,,,,0.017,,,,,,
ShareBasedCompensationArrangementByShareBasedPaymentAwardOptionsForfeituresInPeriod,,,,,,,7017.000,,,,-110400.000,,,,471484.000,,
ShareBasedCompensationArrangementByShareBasedPaymentAwardOptionsGrantsInPeriodGross,,,,,,,1078050.000,,,,120000.000,,,,,,
ShareBasedCompensationArrangementByShareBasedPaymentAwardOptionsGrantsInPeriodWeightedAverageGrantDateFairValue,,,,,,,1.040,,,,0.620,,,,,,
ShareBasedCompensationArrangementByShareBasedPaymentAwardSharesIssuedInPeriod,,,,,,,1078050.000,,,,,,,,,,
ShareBasedCompensationArrangementsByShareBasedPaymentAwardOptionsExercisesInPeriodWeightedAverageExercisePrice,,,,,,,0.970,,,,,,,,,,
ShareBasedCompensationArrangementsByShareBasedPaymentAwardOptionsForfeituresInPeriodWeightedAverageExercisePrice,,,,,,,1.740,,,,1.090,,,,1.000,,
ShareBasedCompensationArrangementsByShareBasedPaymentAwardOptionsGrantsInPeriodWeightedAverageExercisePrice,,,,,,,1.720,,,,1.090,,,,,,
StockGrantedDuringPeriodValueSharebasedCompensation,,,,,,,,,,,,,,,222331.000,,
StockIssuedDuringPeriodSharesNewIssues,,,,,,,,,,,,,,,3579434.000,,
StockIssuedDuringPeriodSharesStockOptionsExercised,,,,,,,100000.000,,,,,,,,,,
StockIssuedDuringPeriodValueConversionOfConvertibleSecuritiesNetOfAdjustments,,,429910.000,,,,,,,,,,,,,,
StockIssuedDuringPeriodValueEmployeeBenefitPlan,,,,,,,,,,,,,,,363887.000,,
StockIssuedDuringPeriodValueNewIssues,,,,,,,5148510.000,,,,,,,,1910426.000,,
StockIssuedDuringPeriodValueStockOptionsExercised,,,,,,,97000.000,,,,,,,,,,
UnrealizedGainLossOnSecurities,-250671.000,12965.000,,,23857.000,,,,,,,,,,,,
WeightedAverageNumberOfDilutedSharesOutstanding,23981809.000,25886392.000,27059348.000,28115904.000,29561614.000,-55654523.000,33358489.000,33433083.000,33574173.000,-66798314.000,,,,,,,
WeightedAverageNumberOfShareOutstandingBasicAndDiluted,,,,,,,,,,,33796389.000,35044356.000,35491389.000,-69334244.000,39037010.000,41523625.000,42288814.000
