,2013-11-30,2014-05-31,2014-08-30,2014-11-29,2015-02-28,2015-05-30,2015-08-29,2015-11-28,2016-02-27,2016-07-02,2016-10-01,2016-12-31,2017-04-01
AllocatedShareBasedCompensationExpense,14641000.000,,,,,,,,,,,,
AmortizationOfFinancingCosts,,489000.000,,,,489000.000,,,,480000.000,,,
AntidilutiveSecuritiesExcludedFromComputationOfEarningsPerShareAmount,319190.000,764192.000,795124.000,843581.000,-1572157.000,1269923.000,2647169.000,2907034.000,-3948226.000,2867719.000,,,
CapitalExpendituresIncurredButNotYetPaid,,,,,,2194000.000,,,,751000.000,,,
CapitalLeaseObligationsIncurred,,,,,,231000.000,,,,147000.000,,,
CashAndCashEquivalentsPeriodIncreaseDecrease,,,,,,,,,,-620000.000,,,
ComprehensiveIncomeNetOfTax,-8202000.000,-6373000.000,3523000.000,251000.000,5247000.000,-6046000.000,3316000.000,-3772000.000,10151000.000,-5396000.000,3504000.000,257000.000,9781000.000
CostOfGoodsSoldExcludingDepreciationDepletionAndAmortization,75359000.000,72586000.000,79581000.000,77063000.000,94570000.000,70505000.000,81657000.000,81137000.000,97780000.000,72753000.000,86705000.000,90678000.000,93724000.000
DeferredIncomeTaxExpenseBenefit,,-2106000.000,,,,-3043000.000,,,,-922000.000,,,
DefinedBenefitPlanNetPeriodicBenefitCost,,,388000.000,,,,,,,,,,
DefinedContributionPlanCostRecognized,,926000.000,,893000.000,,,,,,690000.000,465000.000,770000.000,-1867000.000
DepreciationDepletionAndAmortization,7569000.000,7256000.000,7567000.000,7776000.000,8412000.000,8037000.000,8378000.000,8834000.000,8981000.000,9347000.000,9478000.000,9236000.000,9063000.000
EarningsPerShareBasic,,,0.140,0.130,,,,,,,,,
EarningsPerShareBasicAndDiluted,-1.390,-0.070,,,,-0.110,0.060,-0.040,0.200,-0.040,0.070,0.110,0.170
EarningsPerShareDiluted,,,0.140,0.130,,,,,,,,,
EffectOfExchangeRateOnCashAndCashEquivalentsContinuingOperations,,-58000.000,,,,260000.000,,,,-103000.000,,,
EffectiveIncomeTaxRateContinuingOperations,,0.350,0.175,0.342,,0.367,0.401,0.286,,0.333,0.416,0.397,
ExcessTaxBenefitFromShareBasedCompensationFinancingActivities,,15000.000,,,,,,,,,,,
ExcessTaxBenefitFromShareBasedCompensationOperatingActivities,,15000.000,,,,,,,,,,,
ForeignCurrencyTransactionGainLossBeforeTax,,,,,,,,,,,306000.000,-53000.000,
GainLossOnDispositionOfAssets1,,,,,,,,,,-3000.000,,,
GainLossOnSaleOfPropertyPlantEquipment,4000.000,-100000.000,-114000.000,3879000.000,-178000.000,-5000.000,-7000.000,-52000.000,3000.000,3000.000,-44000.000,,
GainsLossesOnExtinguishmentOfDebt,-128000.000,,,,,,,,,,,,
GoodwillAndIntangibleAssetImpairment,,,,,,,,,,,,0.000,
GrossProfit,112939000.000,100852000.000,113666000.000,113859000.000,129689000.000,99328000.000,113825000.000,116104000.000,134294000.000,104695000.000,118355000.000,125702000.000,127318000.000
IncomeLossFromContinuingOperationsBeforeIncomeTaxesExtraordinaryItemsNoncontrollingInterest,,,,,,,,,,-3082000.000,6067000.000,8442000.000,12928000.000
IncomeLossFromContinuingOperationsBeforeIncomeTaxesMinorityInterestAndIncomeLossFromEquityMethodInvestments,-6781000.000,-5507000.000,8431000.000,9491000.000,17451000.000,-8207000.000,4462000.000,-2425000.000,14221000.000,,,,
IncomeTaxExpenseBenefit,2705000.000,-1928000.000,1476000.000,3242000.000,4403000.000,-3008000.000,1789000.000,-694000.000,4822000.000,-1025000.000,2526000.000,3350000.000,4551000.000
IncreaseDecreaseInAccountsPayableAndAccruedLiabilities,,-5489000.000,,,,4415000.000,,,,18497000.000,,,
IncreaseDecreaseInAccountsReceivable,,-2558000.000,,,,-2023000.000,,,,2836000.000,,,
IncreaseDecreaseInAccruedIncomeTaxesPayable,,-3340000.000,,,,-1524000.000,,,,175000.000,,,
IncreaseDecreaseInInventories,,9728000.000,,,,19811000.000,,,,19283000.000,,,
IncreaseDecreaseInOtherNoncurrentLiabilities,,445000.000,,,,-416000.000,,,,-4523000.000,,,
IncreaseDecreaseInPrepaidDeferredExpenseAndOtherAssets,,-5369000.000,,,,-1009000.000,,,,-244000.000,,,
InterestExpense,,4302000.000,4383000.000,4265000.000,4155000.000,4168000.000,4230000.000,4213000.000,4199000.000,4110000.000,4205000.000,4119000.000,4253000.000
InterestIncomeExpenseNet,-5782000.000,-4302000.000,-4383000.000,-4265000.000,-4155000.000,-4168000.000,-4230000.000,-4213000.000,-4199000.000,-4110000.000,-4205000.000,-4119000.000,-4253000.000
NetCashProvidedByUsedInContinuingOperations,,-9436000.000,,,,-15165000.000,,,,,,,
NetCashProvidedByUsedInFinancingActivities,,11803000.000,,,,11323000.000,,,,8158000.000,,,
NetCashProvidedByUsedInFinancingActivitiesContinuingOperations,,11803000.000,,,,11323000.000,,,,8158000.000,,,
NetCashProvidedByUsedInInvestingActivities,,-13418000.000,,,,-13144000.000,,,,-8006000.000,,,
NetCashProvidedByUsedInInvestingActivitiesContinuingOperations,,-13418000.000,,,,-13144000.000,,,,-8006000.000,,,
NetCashProvidedByUsedInOperatingActivities,,-7763000.000,,,,-13604000.000,,,,-669000.000,,,
NetCashProvidedByUsedInOperatingActivitiesContinuingOperations,,-7763000.000,,,,-13604000.000,,,,-669000.000,,,
NetIncomeLoss,-9486000.000,-3579000.000,6955000.000,6249000.000,13048000.000,-5199000.000,2673000.000,-1731000.000,9399000.000,-2057000.000,3541000.000,5092000.000,8377000.000
NetIncomeLossAvailableToCommonStockholdersBasic,-25083000.000,-3579000.000,6955000.000,6249000.000,13048000.000,,,,,,,,
OperatingIncomeLoss,-871000.000,-1205000.000,12814000.000,13756000.000,21606000.000,-4039000.000,8692000.000,1788000.000,18420000.000,1028000.000,10272000.000,12561000.000,17181000.000
OtherComprehensiveIncomeDefinedBenefitPlansAdjustmentNetOfTaxPortionAttributableToParent,16000.000,-61000.000,-59000.000,-87000.000,221000.000,-30000.000,9000.000,-41000.000,-113000.000,-65000.000,-10000.000,-71000.000,532000.000
OtherComprehensiveIncomeForeignCurrencyTransactionAndTranslationAdjustmentNetOfTaxPortionAttributableToParent,1283000.000,-2802000.000,-3158000.000,-5525000.000,-7591000.000,-1051000.000,200000.000,-2330000.000,660000.000,-3451000.000,26000.000,-4296000.000,1438000.000
OtherComprehensiveIncomeLossBeforeReclassificationsNetOfTax,,-2741000.000,,,,-1227000.000,,,,,,,
OtherComprehensiveIncomeLossDerivativesQualifyingAsHedgesNetOfTax,,,,,,,452000.000,248000.000,,,,,
OtherComprehensiveIncomeLossDerivativesQualifyingAsHedgesTax,,,,,,,291000.000,159000.000,,1000.000,-17000.000,-391000.000,322000.000
OtherComprehensiveIncomeLossNetOfTax,,-2794000.000,,,,-847000.000,,,,,,,
OtherComprehensiveIncomeUnrealizedGainLossOnDerivativesArisingDuringPeriodNetOfTax,17000.000,-53000.000,-333000.000,-560000.000,11000.000,174000.000,,,,47000.000,-73000.000,-610000.000,498000.000
OtherComprehensiveIncomeUnrealizedGainLossOnDerivativesArisingDuringPeriodTax,-171000.000,-16000.000,238000.000,-361000.000,-465000.000,113000.000,,,,,,,
OtherExpenses,869000.000,525000.000,282000.000,363000.000,-38000.000,,,,,549000.000,108000.000,182000.000,219000.000
OtherNoncashIncomeExpense,,,,,,,,,,,-175000.000,-249000.000,
OtherOperatingActivitiesCashFlowStatement,,,,,,83000.000,,,,-153000.000,,,
PaymentsToAcquirePropertyPlantAndEquipment,,13418000.000,,,,13332000.000,,,,8013000.000,,,
PreOpeningCosts,1827000.000,2987000.000,2359000.000,1597000.000,1340000.000,1056000.000,2820000.000,2994000.000,2163000.000,1096000.000,2544000.000,2918000.000,294000.000
PreferredStockDividendsAndOtherAdjustments,15597000.000,,,,,,,,,,,,
PreferredStockDividendsIncomeStatementImpact,15597000.000,,,,,,,,,,,,
ProceedsFromIssuanceOfLongTermDebt,,8000000.000,,,,8000000.000,,,,12000000.000,,,
ProceedsFromLinesOfCredit,,18334000.000,,,,13967000.000,,,,11530000.000,,,
ProceedsFromSaleOfPropertyPlantAndEquipment,,,,,,188000.000,,,,7000.000,,,
ProceedsFromStockOptionsExercised,,587000.000,,,,3000.000,,,,,,,
ReclassificationFromAccumulatedOtherComprehensiveIncomeCurrentPeriodNetOfTax,,53000.000,,,,-380000.000,,,,,,,
RepaymentsOfLinesOfCredit,,9961000.000,,,,9327000.000,,,,9017000.000,,,
RepaymentsOfLongTermDebt,,5172000.000,,,,1320000.000,,,,6355000.000,,,
RestructuringCharges,111000.000,,,,,,,,,,,,
Revenues,188298000.000,173438000.000,193247000.000,190922000.000,224259000.000,169833000.000,195482000.000,197241000.000,232074000.000,177448000.000,205060000.000,216380000.000,221042000.000
SalesRevenueNet,188298000.000,173438000.000,193247000.000,190922000.000,224259000.000,169833000.000,195482000.000,197241000.000,232074000.000,177448000.000,205060000.000,216380000.000,221042000.000
SellingGeneralAndAdministrativeExpense,,91189000.000,90530000.000,,,,,,,,,,
ShareBasedCompensation,14641000.000,277000.000,,404000.000,,328000.000,349000.000,487000.000,392000.000,365000.000,391000.000,599000.000,634000.000
TaxAdjustmentsSettlementsAndUnusualProvisions,,,1800000.000,,,,,,,,,,
WeightedAverageNumberOfDilutedSharesOutstanding,,,48539762.000,48432143.000,,,48027676.000,47986975.000,,,48001112.000,48022499.000,
WeightedAverageNumberOfShareOutstandingBasicAndDiluted,18036633.000,47946616.000,,,,47983738.000,,,,47986975.000,,,
WeightedAverageNumberOfSharesOutstandingBasic,,,47976500.000,47979581.000,,,47985181.000,47986975.000,,,47991445.000,47999535.000,
