,2011-06-30,2011-09-30,2012-03-31,2012-09-30,2013-03-31,2013-06-30,2013-09-30,2013-12-31,2014-03-31,2014-06-30,2014-09-30,2014-12-31,2015-03-31,2015-06-30,2015-09-30,2015-12-31,2016-03-31,2016-06-30,2016-09-30,2016-12-31,2017-03-31
AdjustmentOfWarrantsGrantedForServices,,,,,,,,,,,,,72317.000,,,,50644.000,,,,5161.000
AmortizationOfDebtDiscountPremium,0.000,0.000,0.000,0.000,,,0.000,,,,0.000,,,,,,,,,,
AntidilutiveSecuritiesExcludedFromComputationOfEarningsPerShareAmount,,,,,,,,,15200002.000,,,,17200002.000,,,,40000002.000,,,,48550002.000
CashAndCashEquivalentsPeriodIncreaseDecrease,,,81786.000,,80820.000,,,,243792.000,,,,-245783.000,,,,-51186.000,,,,-45003.000
DebtInstrumentConvertibleBeneficialConversionFeature,,,0.000,,,,,,,,,,,,,,,,,,
Depreciation,,,1388.000,,1377.000,,,,1548.000,,,,2632.000,,,,4185.000,,,,4275.000
DepreciationAndAmortization,,,,,1377.000,1392.000,1538.000,1581.000,1548.000,1565.000,1582.000,2464.000,2632.000,4299.000,4244.000,4244.000,4185.000,4186.000,4268.000,4335.000,4276.000
DerivativeInstrumentsNotDesignatedAsHedgingInstrumentsGainLossNet,,,,,,,0.000,,,,,,,,,,,,,,
EarningsPerShareBasicAndDiluted,0.000,0.000,-0.000,-0.000,-0.000,-0.000,-0.000,-0.010,-0.000,0.000,-0.000,0.000,-0.000,-0.000,-0.000,0.000,-0.000,0.000,-0.000,0.000,-0.000
GainLossOnContractTermination,0.000,0.000,0.000,0.000,,,0.000,,,,0.000,,,,,,,,,,
GainLossOnSaleOfPropertyPlantEquipment,,,,,,,,,,,,,,-953.000,0.000,,,0.000,0.000,,0.000
GainLossRelatedToLitigationSettlement,,,,,,,,,,,0.000,,,,,,,,,,
GainsLossesOnExtinguishmentOfDebt,,,,,,,6775.000,,19136.000,,0.000,,9679.000,0.000,0.000,13566.000,0.000,5704.000,0.000,5487.000,0.000
GeneralAndAdministrativeExpense,141514.000,251646.000,60830.000,67203.000,27544.000,33330.000,772503.000,542151.000,452873.000,342507.000,31328.000,69371.000,156470.000,643057.000,54990.000,66402.000,117867.000,106808.000,821651.000,690592.000,151645.000
IncomeLossFromContinuingOperationsBeforeIncomeTaxesMinorityInterestAndIncomeLossFromEquityMethodInvestments,-335712.000,-325204.000,-138032.000,-292515.000,-275261.000,-303035.000,-950059.000,-5939330.000,-650302.000,-563985.000,-239041.000,-419659.000,-416175.000,-968254.000,-348515.000,-400849.000,-508980.000,-528065.000,-1124468.000,-912330.000,-494611.000
IncomeTaxExpenseBenefit,0.000,0.000,,0.000,,,,,,,0.000,,0.000,0.000,0.000,0.000,0.000,0.000,0.000,0.000,0.000
IncomeTaxesPaid,,,0.000,,,,,,,,,,0.000,,,,0.000,,,,0.000
IncreaseDecreaseInAccountsPayable,,,24340.000,,28014.000,,,,110644.000,,,,20977.000,,,,63556.000,,,,104091.000
IncreaseDecreaseInAccountsPayableAndAccruedLiabilities,,,95069.000,,79634.000,,,,-1788.000,,,,123423.000,,,,118185.000,,,,137601.000
IncreaseDecreaseInAccountsReceivable,,,,,,,,,,,,,,,,,,,,,-31858.000
IncreaseDecreaseInDeferredCompensation,,,0.000,,,,,,,,,,,,,,,,,,
IncreaseDecreaseInFairValueOfUnhedgedDerivativeInstruments,0.000,0.000,0.000,0.000,,,,,,,,,,,,,,,,,
IncreaseDecreaseInInterestAndDividendsReceivable,,,45.000,,46.000,,,,,,,,,,,,,,,,
IncreaseDecreaseInPrepaidExpense,,,,,-2215.000,,,,-372.000,,,,0.000,,,,-395.000,,,,-537.000
InterestAndOtherIncome,,,45.000,46.000,47.000,,0.000,,,,0.000,,,,,,,,,,
InterestExpense,0.000,0.000,0.000,15634.000,16625.000,17436.000,15953.000,-50014.000,17052.000,18280.000,17071.000,16878.000,21892.000,23834.000,25709.000,30111.000,31040.000,33063.000,35339.000,39988.000,40147.000
InterestExpenseRelatedParty,,,,,,,,,980.000,,,,,,,,,,,,
InterestPaid,,,0.000,,,,,,,,,,0.000,,,,0.000,,,,0.000
IssuanceOfStockAndWarrantsForServicesOrClaims,,,0.000,,,,,,403540.000,,,,0.000,,,,,,,,5161.000
LeaseAndRentalExpense,,,,,,,,,,,,,,,,,,,,,1920.000
MarketingExpense,0.000,0.000,0.000,0.000,,,0.000,,,,0.000,,,,,,,,,,
NetCashProvidedByUsedInFinancingActivities,,,99066.000,,249317.000,,,,398914.000,,,,0.000,,,,200000.000,,,,150000.000
NetCashProvidedByUsedInFinancingActivitiesContinuingOperations,,,99066.000,,249317.000,,,,398914.000,,,,0.000,,,,200000.000,,,,150000.000
NetCashProvidedByUsedInInvestingActivities,,,-45.000,,-46.000,,,,,,,,-39278.000,,,,0.000,,,,-1387.000
NetCashProvidedByUsedInInvestingActivitiesContinuingOperations,,,-45.000,,-46.000,,,,,,,,-39278.000,,,,0.000,,,,-1387.000
NetCashProvidedByUsedInOperatingActivities,,,-17235.000,,-168451.000,,,,-155122.000,,,,-206505.000,,,,-251186.000,,,,-193616.000
NetCashProvidedByUsedInOperatingActivitiesContinuingOperations,,,-17235.000,,-168451.000,,,,-155122.000,,,,-206505.000,,,,-251186.000,,,,-193616.000
NetIncomeLoss,-335712.000,-325204.000,-138032.000,-292515.000,-275261.000,-303035.000,-950059.000,-5939330.000,-650302.000,-563985.000,-239041.000,-419659.000,-416175.000,-968254.000,-348515.000,-400849.000,-508980.000,-528065.000,-1124468.000,-912330.000,-494611.000
NonoperatingIncomeExpense,2101.000,0.000,45.000,-15588.000,-16578.000,-17436.000,-9178.000,-5144024.000,2084.000,-18280.000,-17071.000,-5362.000,-12213.000,-24787.000,-25709.000,-16545.000,-31040.000,-27359.000,-35339.000,-34501.000,-40147.000
OfficersCompensation,52500.000,52500.000,55650.000,55650.000,58989.000,58899.000,58899.000,60347.000,62528.000,62529.000,62528.000,130559.000,86576.000,98816.000,94735.000,160769.000,105379.000,107810.000,127809.000,106285.000,110722.000
OperatingExpenses,337813.000,325204.000,138077.000,276927.000,258683.000,285599.000,940881.000,795306.000,652386.000,545705.000,221970.000,414297.000,403962.000,943467.000,322806.000,384304.000,477940.000,500706.000,1107802.000,891014.000,454464.000
OperatingIncomeLoss,-337813.000,-325204.000,-138077.000,-276927.000,-258683.000,-285599.000,-940881.000,-795306.000,-652386.000,-545705.000,-221970.000,-414297.000,-403962.000,-943467.000,-322806.000,-384304.000,-477940.000,-500706.000,-1089129.000,-877829.000,-454464.000
OperatingLeasesRentExpenseNet,,,,,,,,,3305.000,,,,4999.000,,,,2441.000,,,,2404.000
OtherIncome,2101.000,0.000,0.000,0.000,,,0.000,,,,0.000,,,,,,,,,,
PaymentsForProceedsFromLoansReceivable,,,0.000,,,,,,,,,,,,,,,,,,
PaymentsToAcquirePropertyPlantAndEquipment,,,0.000,,,,,,,,,,39278.000,,,,0.000,,,,1387.000
ProceedsFromIssuanceOfCommonStock,,,100000.000,,100000.000,,,,400000.000,,,,0.000,,,,200000.000,,,,150000.000
ProceedsFromNotesPayable,,,-934.000,,-683.000,,,,-1086.000,,,,,,,,,,,,
ProceedsFromRelatedPartyDebt,,,0.000,,150000.000,,,,,,,,,,,,,,,,
ProceedsFromRepaymentsOfDebt,,,,,,,,,,,,,0.000,,,,,,,,
ProfessionalFees,2949.000,21058.000,21597.000,8640.000,16867.000,28605.000,13111.000,119790.000,20928.000,32587.000,59313.000,67771.000,81330.000,58091.000,82431.000,38864.000,144013.000,146235.000,29060.000,76817.000,75987.000
ProvisionForDoubtfulAccounts,,,,,,,,,,,0.000,,,,,,,,,,
ResearchAndDevelopmentExpense,140850.000,0.000,0.000,145434.000,155283.000,164765.000,96368.000,73018.000,116057.000,108082.000,68801.000,146596.000,79586.000,143503.000,90650.000,118269.000,110681.000,139853.000,129282.000,17320.000,114190.000
Revenues,2101.000,0.000,0.000,0.000,,,0.000,,,,0.000,,0.000,0.000,0.000,0.000,0.000,0.000,18673.000,13185.000,0.000
SalesRevenueNet,0.000,0.000,0.000,0.000,,,0.000,,,,0.000,,0.000,0.000,0.000,0.000,0.000,0.000,18673.000,13185.000,0.000
ShareBasedCompensation,,,0.000,,,,,,,,,,,,,,,,,,
ShareBasedCompensationArrangementByShareBasedPaymentAwardOptionsForfeituresInPeriod,,,,,,,,,,,,,,,,,0.000,,,,
ShareBasedCompensationArrangementByShareBasedPaymentAwardOptionsGrantsInPeriodGross,,,,,,,,,7200000.000,,,,,,,,6000000.000,,,,
ShareBasedCompensationArrangementsByShareBasedPaymentAwardOptionsExercisesInPeriodWeightedAverageExercisePrice,,,,,,,,,,,,,,,,,,,,,0.030
ShareBasedCompensationArrangementsByShareBasedPaymentAwardOptionsGrantsInPeriodWeightedAverageExercisePrice,,,,,,,,,0.001,,,,,,,,,,,,
StockIssuedDuringPeriodSharesStockOptionsExercised,,,2569838.000,,,,,,-10000000.000,,,,,,,,0.000,,,,750000.000
StockIssuedDuringPeriodValueConversionOfConvertibleSecurities,,,0.000,,,,,,,,,,,,,,,,,,
StockIssuedDuringPeriodValueIssuedForCash,,,,,,,,,400000.000,,,,,,,,,,,,
StockIssuedDuringPeriodValueIssuedForServices,,,,,,,,,2864.000,,,,,,,,,,,,
WeightedAverageNumberOfShareOutstandingBasicAndDiluted,,,,601265006.000,603980849.000,607591936.000,620402696.000,-1215661513.000,646636324.000,657513682.000,665681446.000,-1307341070.000,676215156.000,677630696.000,683999140.000,-1352008411.000,710969281.000,731190422.000,762420118.000,-1460295324.000,778836003.000
