,2011-06-30,2011-09-30,2012-03-31,2012-06-30,2012-09-30,2013-03-31,2013-06-30,2013-09-30,2013-12-31,2014-03-31,2014-06-30,2014-09-30,2014-12-31,2015-03-31,2015-06-30,2015-09-30,2015-12-31,2016-03-31,2016-06-30,2016-09-30,2016-12-31,2017-03-31
AdjustmentsToAdditionalPaidInCapitalReallocationOfMinorityInterest,,,,,,1416756.000,,,,,,,,,,,,,,,,
CashAndCashEquivalentsPeriodIncreaseDecrease,,,18611.000,,,9201.000,,,,-161077.000,,,,-4656.000,,,,-13981.000,,,,-32561.000
CostOfRevenue,,,,,,,,,,291000.000,157500.000,166525.000,1232240.000,236000.000,86000.000,76800.000,758957.000,105000.000,510797.000,64000.000,137500.000,252000.000
CostOfServices,,,25000.000,72902.000,105450.000,0.000,43500.000,406000.000,204300.000,291000.000,157500.000,166525.000,1232240.000,236000.000,86000.000,76800.000,758957.000,105000.000,510797.000,64000.000,137500.000,252000.000
CurrentFederalTaxExpenseBenefit,,,,,,,,,,,,,,47479.000,,,,800.000,,,,800.000
DebtConversionConvertedInstrumentAmount1,,,,,,,,,,,,,,,,,,,,,,0.000
Depreciation,,,,,,,,,,1226.000,,,,1824.000,,,,2118.000,,,,2741.000
EarningsPerShareBasic,,0.040,,-0.010,0.020,,,0.030,,0.010,0.000,0.010,-0.020,0.010,0.010,0.000,0.000,0.000,0.000,,,
EarningsPerShareBasicAndDiluted,-0.010,,0.000,,,0.040,0.000,,,,,,,,,,,,,-0.010,,0.000
EarningsPerShareDiluted,-0.010,0.040,,-0.010,0.020,,,0.010,,0.010,0.000,0.010,-0.020,0.010,0.010,0.000,0.000,0.000,0.000,,,
FairValueOfAssetsAcquired,,,,,,,,,,,,,,-818.000,,,,,,,,
FeesAndCommissions,,,,9124.000,,-180300.000,967.000,0.000,180300.000,625.000,0.000,47500.000,0.000,0.000,0.000,0.000,,,,,,
GeneralAndAdministrativeExpense,30967.000,22862.000,19953.000,19747.000,12914.000,13321.000,29084.000,45687.000,364235.000,185953.000,51076.000,65271.000,197651.000,71525.000,129010.000,155730.000,251837.000,163810.000,195154.000,251946.000,173868.000,136456.000
GrossProfit,,,,,,,,,,321625.000,112000.000,246007.000,263160.000,215418.000,244000.000,139200.000,362957.000,150000.000,203725.000,134500.000,410000.000,136700.000
IncomeLossFromContinuingOperationsBeforeIncomeTaxesExtraordinaryItemsNoncontrollingInterest,,,7806.000,-51753.000,137046.000,325886.000,-25440.000,386438.000,-142554.000,128811.000,52315.000,173360.000,-159365.000,139643.000,111065.000,-23178.000,104700.000,-3775.000,3357.000,-123316.000,218615.000,-8997.000
IncomeLossFromContinuingOperationsBeforeIncomeTaxesMinorityInterestAndIncomeLossFromEquityMethodInvestments,-59202.000,345211.000,,,,,,,,,,,,,,,,,,,,
IncomeTaxExpenseBenefit,,,0.000,0.000,0.000,0.000,0.000,45621.000,-45621.000,51451.000,68402.000,42477.000,-3567.000,47479.000,32108.000,-9950.000,2113.000,800.000,-1462.000,551.000,37134.000,800.000
IncomeTaxesPaid,,,,,,,,,,0.000,,,,0.000,,,,0.000,,,,
IncomeTaxesPaidNet,,,0.000,,,0.000,,,,,,,,,,,,,,,,
IncreaseDecreaseInAccountsPayableAndAccruedLiabilities,,,25765.000,,,21757.000,,,,266357.000,,,,35838.000,,,,-6110.000,,,,-9359.000
IncreaseDecreaseInAccruedIncomeTaxesPayable,,,,,,,,,,51451.000,,,,47479.000,,,,800.000,,,,800.000
IncreaseDecreaseInOutstandingChecksFinancingActivities,,,,,,,,,,,,,,,,,,,,,,70928.000
IncreaseDecreaseInPrepaidDeferredExpenseAndOtherAssets,,,172771.000,,,,,,,,,,,,,,,,,,,50000.000
IncreaseDecreaseInPrepaidTaxes,,,,,,0.000,,,,,,,,,,,,,,,,
InterestExpense,23484.000,27226.000,25716.000,25228.000,25290.000,22955.000,19323.000,16875.000,11319.000,6861.000,8609.000,7376.000,6347.000,4250.000,3925.000,6648.000,6420.000,4965.000,5214.000,5870.000,6079.000,9241.000
InterestPaid,,,8.000,,,0.000,,,,0.000,,,,0.000,,,,0.000,,,,103.000
InvestmentIncomeNet,,-2294.000,,,,,,,,,,,,,,,,,,,,
LaborAndRelatedExpense,4751.000,3736.000,,,,,,,,,,,,,,,,,,,,
ManagementFeesRevenue,,,,,,,,15000.000,,,,0.000,,,,,,,,,,19200.000
NetCashProvidedByUsedInFinancingActivities,,,-187731.000,,,-309508.000,,,,-531408.000,,,,-167296.000,,,,8774.000,,,,74702.000
NetCashProvidedByUsedInFinancingActivitiesContinuingOperations,,,-187731.000,,,-309508.000,,,,-531408.000,,,,-167296.000,,,,8774.000,,,,74702.000
NetCashProvidedByUsedInInvestingActivities,,,0.000,,,-28934.000,,,,-26063.000,,,,-14665.000,,,,-14988.000,,,,-41648.000
NetCashProvidedByUsedInInvestingActivitiesContinuingOperations,,,0.000,,,-28934.000,,,,-26063.000,,,,-14665.000,,,,-14988.000,,,,-41648.000
NetCashProvidedByUsedInOperatingActivities,,,206342.000,,,347643.000,,,,396394.000,,,,177305.000,,,,-7767.000,,,,-65615.000
NetCashProvidedByUsedInOperatingActivitiesContinuingOperations,,,206342.000,,,347643.000,,,,396394.000,,,,177305.000,,,,-7767.000,,,,-65615.000
NetIncomeLoss,-59202.000,345211.000,7806.000,-51753.000,137046.000,325886.000,-25440.000,340817.000,-96933.000,77360.000,-16087.000,130883.000,-155798.000,92164.000,78957.000,-13228.000,102587.000,-4575.000,4819.000,-123867.000,181481.000,-9797.000
NonoperatingIncomeExpense,-23484.000,-29520.000,-25716.000,-25228.000,-25290.000,-22955.000,-19323.000,-16875.000,,,,,,,,,,,,,,
OperatingExpenses,35718.000,26598.000,44953.000,92649.000,118364.000,193621.000,72584.000,451687.000,,,,,,,,,,,,,,
OperatingIncomeLoss,-35718.000,374731.000,33522.000,-26525.000,162336.000,348841.000,-6117.000,403313.000,-131235.000,135672.000,60924.000,180736.000,65509.000,143893.000,114990.000,-16530.000,111120.000,-13810.000,8571.000,-117446.000,236132.000,244.000
OperatingLeasesRentExpenseMinimumRentals,,,,,,0.000,,,,,,,,,,,,,,,,
OtherIncome,,,,,,,,,,,,,,,,,,15000.000,0.000,0.000,0.000,0.000
OtherNonoperatingExpense,,,,,,,,,,6861.000,8609.000,7376.000,,,,,,,,,,
OtherNonoperatingIncomeExpense,,,,,,,,,,,,,,-4250.000,-3925.000,-6648.000,-6420.000,10035.000,-5214.000,-5870.000,-17517.000,-9241.000
PaymentsForAdvanceToAffiliate,,,,,,28934.000,,,,26063.000,,,,4140.000,,,,14988.000,,,,
PaymentsForProceedsFromBusinessesAndInterestInAffiliates,,,,,,,,,,,,,,,,,,,,,,41648.000
PaymentsToAcquirePropertyPlantAndEquipment,,,,,,,,,,,,,,10525.000,,,,0.000,,,,
ProceedsFromRelatedPartyDebt,,,51596.000,,,44000.000,,,,42191.000,,,,0.000,,,,10000.000,,,,5001.000
ProceedsFromRepaymentsOfRelatedPartyDebt,,,,,,,,,,-45956.000,,,,-28461.000,,,,0.000,,,,
RelatedPartyTransactionOtherRevenuesFromTransactionsWithRelatedParty,,,,,,,,,,,,,,,,,,,,,,19200.000
RepaymentsOfLongTermDebt,,,,,,,,,,1226.000,,,,,,,,1226.000,,,,1227.000
RepaymentsOfRelatedPartyDebt,,,239327.000,,,353508.000,,,,526417.000,,,,138017.000,,,,0.000,,,,
Revenues,,401329.000,78475.000,66124.000,280700.000,542462.000,66467.000,855000.000,257000.000,612625.000,269500.000,412532.000,1495400.000,451418.000,330000.000,216000.000,1121914.000,255000.000,714522.000,198500.000,547500.000,388700.000
SalesCommissionsAndFees,,,,,,,0.000,,,,,,,,,,,,,,,
SalesRevenueNet,,401329.000,78475.000,66124.000,280700.000,542462.000,66467.000,855000.000,257000.000,612625.000,269500.000,412532.000,1495400.000,451418.000,330000.000,216000.000,1121914.000,240000.000,714522.000,198500.000,547500.000,388700.000
SalesRevenueServicesNet,,401329.000,78475.000,57000.000,280700.000,542462.000,65500.000,840000.000,257000.000,612000.000,269500.000,365032.000,1495400.000,451418.000,330000.000,216000.000,1121914.000,255000.000,714522.000,198500.000,547500.000,369500.000
UnrecognizedTaxBenefitsIncomeTaxPenaltiesAndInterestExpense,,,,,,,,,,,,,,3.000,0.000,0.000,-3.000,0.000,,,,0.000
WeightedAverageNumberOfDilutedSharesOutstanding,8704669.000,8704669.000,,8704669.000,8704669.000,,,29390288.000,,19230592.000,19230592.000,25421000.000,-49436821.000,14445363.000,14445363.000,14445363.000,-28890726.000,14445363.000,14445363.000,,,
WeightedAverageNumberOfShareOutstandingBasicAndDiluted,,,,,,8704669.000,8704669.000,,,,,,,,,,,,,14445363000000.000,,14445363.000
WeightedAverageNumberOfSharesOutstandingBasic,8704669.000,8704669.000,,8704669.000,8704669.000,,,12697189.000,,14445363.000,14445363.000,14445363.000,-28890726.000,14445363.000,14445363.000,14445363.000,-28890726.000,14445363.000,14445363.000,,,
