,2012-03-31,2012-09-30,2013-03-31,2013-06-30,2013-12-31,2014-03-31,2014-06-30,2014-12-31,2015-03-31,2015-06-30,2016-03-31,2016-06-30,2016-09-30,2016-12-31,2017-03-31
AdjustmentsToAdditionalPaidInCapitalOther,,,,,,,,,,,222932.000,,,,
AllocatedShareBasedCompensationExpense,,,,,,,,,,,,,,,558328.000
AmortizationOfDebtDiscountPremium,,,,,,,,,,,157059.000,,,,222064.000
AmortizationOfFinancingCosts,,,,,,,,,,,,,,,9500.000
AntidilutiveSecuritiesExcludedFromComputationOfEarningsPerShareAmount,,53445563.000,,,,,,,,,,,,,
CashAndCashEquivalentsPeriodIncreaseDecrease,33586.000,,-422.000,,-4606.000,,,85.000,,,,,,,-138809.000
CashPeriodIncreaseDecrease,,,,,,,,,,,18466.000,,,,
ConcentrationRiskPercentage1,,,,,,,,0.020,,,,,,,0.100
ConversionOfStockAmountConverted1,,,,,,,,,,,,,,,-97069.000
ConversionOfStockSharesConverted1,,,,,,,,,,,,,,,8900000.000
ConversionOfStockSharesIssued1,,,,,,,,,,,1004911.000,,,,5814220.000
CostOfRevenue,520079.000,793802.000,26869.000,28070.000,,,,7160.000,19469.000,833.000,107161.000,,360919.000,,335257.000
DebtConversionConvertedInstrumentAmount1,,,,,,,,,,,,,,,97069.000
DebtConversionOriginalDebtAmount1,,,,,74430.000,,,,,,,,,,1404000.000
Depreciation,,,17017.000,17018.000,,,,540.000,,,216.000,216.000,26314.000,14275.000,
DepreciationAndAmortization,25.000,588.000,17017.000,,,,,,,,,,,,
DepreciationDepletionAndAmortization,,,,,,,,540.000,,,,,,,
DerivativeCostOfHedge,,,,,98593.000,1168331.000,,,,,,,,,
DerivativeGainLossOnDerivativeNet,,,,,,,633975.000,,,,-15277.000,,,,-414037.000
DerivativeGainOnDerivative,,,,,,,,,,,15277.000,407463.000,1191239.000,-396708.000,
DerivativeLossOnDerivative,,,,,,,,,,,411661.000,,,,414037.000
DividendsCommonStockCash,,,,,,,,,,,,,,,30000.000
EarningsPerShareBasic,,-0.000,,-0.001,-0.003,,,-0.001,-0.000,,0.000,,,,
EarningsPerShareBasicAndDiluted,,-0.000,,,,-0.005,0.000,,,-0.002,,-0.010,0.000,,0.000
EarningsPerShareDiluted,,-0.000,,,,,,,,,,,,,
EmbeddedDerivativeGainLossOnEmbeddedDerivativeNet,,,,,,,,95181.000,232735.000,112877.000,-15277.000,,,,
FairValueAssumptionsExpectedDividendRate,,,,,,,,0.000,,,,,,,0.000
FairValueAssumptionsExpectedVolatilityRate,,,,,,,,5.022,,,,,,,
FairValueAssumptionsRiskFreeInterestRate,,,,,,,,0.100,,,,,,,
GainLossOnSaleOfBusiness,,,,,,,,,,,,,,,2213103.000
GainLossOnSaleOfPropertyPlantEquipment,,,,,,,,,,,,-2926.000,,,
GeneralAndAdministrativeExpense,,,,,99293.000,52296.000,24688.000,,36304.000,38330.000,114959.000,102548.000,330840.000,60047.000,96892.000
GrossProfit,413224.000,206420.000,43628.000,24532.000,244.000,,,3815.000,3419.000,-109.000,-24858.000,-39426.000,73322.000,-39832.000,165334.000
IncomeLossAttributableToNoncontrollingInterest,,,,,,,,,,,-697.000,-4686.000,-65374.000,-528152.000,-9774.000
IncomeLossFromContinuingOperations,,,,,,,,-103474.000,,,-451089.000,-2748208.000,-1795087.000,-2882925.000,-639008.000
IncomeLossFromContinuingOperationsBeforeIncomeTaxesExtraordinaryItemsNoncontrollingInterest,,,,,,,,,-89035.000,-31805.000,-754877.000,-2994587.000,-1015865.000,-5276056.000,801684.000
IncomeLossFromContinuingOperationsBeforeIncomeTaxesMinorityInterestAndIncomeLossFromEquityMethodInvestments,24874.000,-124585.000,-56894.000,-94674.000,-279492.000,-1387823.000,567136.000,-11390.000,,,,,,,
IncomeLossFromContinuingOperationsIncludingPortionAttributableToNoncontrollingInterest,,-124585.000,,,,,,,,,,,,,
IncreaseDecreaseInAccountsPayable,40767.000,,3964.000,,,,,,,,66068.000,,,,141384.000
IncreaseDecreaseInAccountsPayableAndAccruedLiabilities,23682.000,,,,,,,,,,,,,,
IncreaseDecreaseInAccountsReceivable,-47571.000,,,,,,,9071.000,,,957.000,,,,2877.000
IncreaseDecreaseInAccruedInterestReceivableNet,,,,,4550.000,,,,,,-26166.000,,,,
IncreaseDecreaseInAccruedLiabilities,,,4350.000,,55050.000,,,55467.000,,,2716.000,,,,
IncreaseDecreaseInAccruedSalaries,,,,,,,,,,,3000.000,,,,
IncreaseDecreaseInDeferredRevenue,,,,,,,,,,,,,,,15793.000
IncreaseDecreaseInDueFromRelatedPartiesCurrent,32919.000,,,,,,,,,,,,,,
IncreaseDecreaseInInventories,,,,,-19055.000,,,621.000,,,,,,,
IncreaseDecreaseInOtherCurrentLiabilities,-7283.000,,,,,,,,,,,,,,
IncreaseDecreaseInOtherReceivables,-296.000,,,,,,,,,,,,,,
IncreaseDecreaseInPrepaidExpense,,,,,7010.000,,,,,,-20835.000,,,,-42258.000
InterestExpense,,79428.000,,2120.000,4550.000,21796.000,-508.000,3097.000,192019.000,12694.000,276900.000,613282.000,412017.000,252419.000,359242.000
InterestExpenseRelatedParty,,,,,,,,,,,60168.000,,59111.000,,59758.000
IssuanceOfStockAndWarrantsForServicesOrClaims,,,,,72800.000,,,72800.000,,,,,,,338200.000
LeaseAndRentalExpense,,,,,,2000.000,2000.000,,,,,,,,
LicenseCosts,,,,,,,,,,,,,,,250000.000
LineOfCreditFacilityDecreaseForgiveness,36368.000,,,,,,,,,,,,,,
NetCashProvidedByUsedInFinancingActivities,-33507.000,,31141.000,,42288.000,,,61941.000,,,385741.000,,,,-100007.000
NetCashProvidedByUsedInFinancingActivitiesContinuingOperations,-33507.000,,31141.000,,42288.000,,,61941.000,,,385741.000,,,,-100007.000
NetCashProvidedByUsedInInvestingActivities,,,,,,,,-4100.000,,,2564.000,,,,
NetCashProvidedByUsedInInvestingActivitiesContinuingOperations,,,,,,,,-4100.000,,,2564.000,,,,
NetCashProvidedByUsedInOperatingActivities,67093.000,,-31563.000,,-46894.000,,,-57756.000,,,-369839.000,,,,-38802.000
NetCashProvidedByUsedInOperatingActivitiesContinuingOperations,67093.000,,-31563.000,,-46894.000,,,-57756.000,,,-369839.000,,,,-38802.000
NetIncomeLoss,24874.000,-124585.000,-56894.000,-94674.000,-279492.000,-1387823.000,567136.000,-11390.000,-89035.000,-31805.000,-754180.000,-2989901.000,-950491.000,-4747904.000,811458.000
NetIncomeLossAttributableToNoncontrollingInterest,,,,,,,,-11390.000,,,,,,,
OfficersCompensation,,,,,,,,87249.000,94749.000,87249.000,73196.000,1371539.000,166684.000,8785.000,216166.000
OperatingExpenses,424718.000,251577.000,100522.000,111786.000,176593.000,122696.000,37347.000,107289.000,133170.000,131879.000,426231.000,2708782.000,1868409.000,2843093.000,804342.000
OperatingIncomeLoss,-11494.000,-45157.000,-56894.000,-87254.000,-176349.000,-122696.000,-67347.000,,-129751.000,-131988.000,,,,,
OperatingLeasesRentExpenseNet,,20082.000,,,,,,,,,,,,,
OtherExpenses,,,,5300.000,,,,,,,,45000.000,,,
OtherIncome,,,,,,,,,,,2879.000,7366.000,,,868.000
OtherNonoperatingIncomeExpense,,,,-7420.000,-103143.000,-1265127.000,634483.000,92084.000,40716.000,100183.000,-303788.000,-246379.000,779222.000,-763815.000,1440692.000
PaymentsForFees,,,,,,,,-2500.000,,,,,,,
PaymentsToAcquirePropertyPlantAndEquipment,,,,,,,,4100.000,,,,,,,
ProceedsFromBankDebt,,,,,,,,,,,908.000,,,,33.000
ProceedsFromConvertibleDebt,,,,,22000.000,,,50000.000,,,,,,,
ProceedsFromIssuanceOrSaleOfEquity,500.000,,,,,,,,,,,,,,
ProceedsFromLoans,,,,,5000.000,,,,,,,,,,
ProceedsFromNotesPayable,,,21796.000,,,,,,,,,,,,
ProceedsFromOtherShortTermDebt,,,,,,,,,,,392500.000,,,,
ProceedsFromRelatedPartyDebt,-9007.000,,,,15288.000,,,11941.000,,,,,,,
ProceedsFromRepaymentsOfBankOverdrafts,,,9345.000,,,,,,,,,,,,
ProceedsFromRepaymentsOfRelatedPartyDebt,,,,,,,,,,,-8851.000,,,,-100040.000
ProfessionalFees,,,,,77300.000,70400.000,41134.000,8546.000,2117.000,6300.000,216576.000,1234695.000,1370885.000,122215.000,491284.000
ProfitLoss,,,,,,,,,,,-754877.000,-2997587.000,-1015865.000,-5273056.000,801684.000
RelatedPartyCosts,,,,,,,,,,,,42193.000,80988.000,,
RelatedPartyTransactionRate,,,,,,,,,,,0.090,,,,0.090
RepaymentOfNotesReceivableFromRelatedParties,,,,,,,,,,,2564.000,,,,
RepaymentsOfDebt,,,,,,,,,,,13260.000,,,,280000.000
RepaymentsOfLongTermDebt,25000.000,,,,,,,,,,,,,,
RevenueFromRelatedParties,,,,,,,,,,,,60.000,12758.000,,3793.000
Revenues,933303.000,1000222.000,70497.000,52602.000,244.000,,,10975.000,22888.000,724.000,82303.000,2767.000,515230.000,427684.000,500591.000
SalesRevenueNet,933303.000,1000222.000,70497.000,52602.000,244.000,,,10975.000,22888.000,724.000,79424.000,2707.000,502472.000,427684.000,496798.000
SellingGeneralAndAdministrativeExpense,424693.000,250989.000,83505.000,94768.000,,,,11494.000,,,,,,,
ShareBasedCompensation,,,,,,,,,,,,,7083.000,,111666.000
ShareBasedCompensationArrangementByShareBasedPaymentAwardFairValueAssumptionsExpectedDividendRate,,,,,,,,,,,,,,,0.000
ShareBasedCompensationArrangementByShareBasedPaymentAwardFairValueAssumptionsExpectedVolatilityRateMaximum,,,,,,,,,,,,,,,8.500
ShareBasedCompensationArrangementByShareBasedPaymentAwardFairValueAssumptionsExpectedVolatilityRateMinimum,,,,,,,,,,,,,,,7.780
ShareBasedCompensationArrangementByShareBasedPaymentAwardFairValueAssumptionsRiskFreeInterestRateMaximum,,,,,,,,,,,,,,,0.014
ShareBasedCompensationArrangementByShareBasedPaymentAwardFairValueAssumptionsRiskFreeInterestRateMinimum,,,,,,,,,,,,,,,0.008
ShareBasedCompensationArrangementByShareBasedPaymentAwardOptionsGrantsInPeriodGross,,,,,,,,,,,,,,,1000000.000
StockIssuedDuringPeriodSharesAcquisitions,,,,,,,,,,,44784795.000,,,,
StockIssuedDuringPeriodSharesNewIssues,,,,,,,,,,,,,,,8449654.000
StockIssuedDuringPeriodValueConversionOfConvertibleSecurities,,,,,,,,,,,72450.000,,,,
StockIssuedDuringPeriodValueConversionOfConvertibleSecuritiesNetOfAdjustments,,,,,13650.000,,,13650.000,,,,,,,
StockIssuedDuringPeriodValueIssuedForNoncashConsiderations,,,,,,,,55120.000,,,,,,,
StockIssuedDuringPeriodValueIssuedForServices,500.000,,,,,,,,,,,,,,
StockIssuedDuringPeriodValueStockOptionsExercised,,,,,,,,,,,,,,,898490.000
WeightedAverageNumberOfDilutedSharesOutstanding,,,,,,,,,,,,,,,327940152.000
WeightedAverageNumberOfShareOutstandingBasicAndDiluted,51700246.000,53445563.000,,,,253677840.000,1313241981.000,,,14642947.000,196938335.000,231173801.000,234060228.000,-427653129.000,
WeightedAverageNumberOfSharesOutstandingBasic,,,53445563.000,68713285.000,111070482.000,,,1083661783.000,7977534630.000,,,,,,251635971.000
