,2011-06-30,2011-09-30,2012-03-31,2012-09-30,2013-06-30,2013-09-30,2014-03-31,2014-06-30,2014-09-30,2014-12-31,2015-03-31,2015-06-30,2015-09-30
AllocatedShareBasedCompensationExpense,607377.000,90234.000,446537.000,,,,,,1000695.000,,3941118.000,1137464.000,560291.000
AmortizationOfDebtDiscountPremium,,,2500.000,,,,424600.000,,,,,,
AmortizationOfIntangibleAssets,,,,,,49572.000,119373.000,119920.000,498079.000,722895.000,650218.000,639754.000,652340.000
AntidilutiveSecuritiesExcludedFromComputationOfEarningsPerShareAmount,,,,,,,232646789.000,6809039.000,1183771.000,-236281995.000,3838073.000,8265194.000,6613159.000
AvailableForSaleSecuritiesGrossUnrealizedLoss,,,,,1463.000,940.000,,,,,,,
BusinessAcquisitionsProFormaNetIncomeLoss,,,,,,,,,-3613386.000,,,,
BusinessAcquisitionsProFormaRevenue,,,,,,,,,1382139.000,,,,
CapitalizedComputerSoftwareAmortization,,,,,,,,,,,27946.000,,
CashAcquiredFromAcquisition,,,,,,,0.000,,,,,,
CashAndCashEquivalentsPeriodIncreaseDecrease,,,,,,,152345.000,,,,-2046334.000,,
CashPeriodIncreaseDecrease,,,25831.000,,,,,,,,,,
ComprehensiveIncomeNetOfTax,,,,,-3255281.000,-2118857.000,,,,,,,
CostOfGoodsAndServicesSold,,,,,20390.000,215230.000,444360.000,723678.000,1092552.000,1679760.000,,1070485.000,622375.000
CostOfGoodsSoldDepreciationAndAmortization,,,,,550.000,,,120260.000,509376.000,,,646356.000,
CostOfRevenue,,,,,,,,,,,970359.000,,
CostOfServicesDepreciationAndAmortization,,,,,,,,,,,,,663895.000
DebtConversionConvertedInstrumentAmount1,,,,,,,105000.000,,,,,,
DepreciationAndAmortization,,,,,,,,,,,655562.000,,
DepreciationDepletionAndAmortization,,,,,,,239.000,,,,,,
DerivativeGainLossOnDerivativeNet,,,,,,,,,,,,,264026.000
EarningsPerShareBasic,-0.060,-0.010,-0.020,-0.020,,,,,,,,,0.130
EarningsPerShareBasicAndDiluted,,,,,-0.040,-0.020,-0.010,-0.320,-0.320,-1.390,-0.500,-0.230,
EarningsPerShareDiluted,,,,,,,,,,,,,0.100
GainLossOnDispositionOfAssets1,,,,,0.000,,,-643.000,0.000,,,,
GainLossOnDispositionOfProperty,,,,0.000,,,,,,,,,
GainsLossesOnExtinguishmentOfDebt,,,,-224969.000,49755.000,0.000,-79014.000,35378.000,6680.000,17577.000,,-75494.000,75494.000
GeneralAndAdministrativeExpense,16122.000,68467.000,48264.000,63231.000,2766352.000,995347.000,656931.000,1041172.000,1153669.000,1192696.000,1752127.000,1263170.000,605795.000
GrossProfit,,,,,6924.000,158507.000,287244.000,389507.000,289587.000,168538.000,197360.000,27342.000,80517.000
ImpairmentOfIntangibleAssetsIndefinitelivedExcludingGoodwill,,,,,342610.000,0.000,,0.000,0.000,,,,
IncomeTaxesPaid,,,,,,,0.000,,,,,,
IncreaseDecreaseInAccountsPayableAndAccruedLiabilities,,,12262.000,,,,234993.000,,,,3295788.000,,
IncreaseDecreaseInAccountsReceivable,,,,,,,87781.000,,,,-369014.000,,
IncreaseDecreaseInAccruedInterestReceivableNet,,,-23831.000,,,,,,,,,,
IncreaseDecreaseInDeposits,,,,,,,-61050.000,,,,24050.000,,
IncreaseDecreaseInDueToRelatedPartiesCurrent,,,,,,,0.000,,,,,,
IncreaseDecreaseInOtherOperatingLiabilities,,,,,,,20802.000,,,,,,
IncreaseDecreaseInPrepaidExpense,,,,,,,-103010.000,,,,-18081.000,,
IncrementalCommonSharesAttributableToConversionOfDebtSecurities,,,,,,,,,,,,,4901960.000
InterestExpense,,,28817.000,25099.000,117426.000,16497.000,0.000,1535.000,23192.000,17444.000,25577.000,30669.000,395341.000
InterestPaid,,,,,,,986.000,,,,19708.000,,
IssuanceOfStockAndWarrantsForServicesOrClaims,,,446537.000,,,,,,,,,,
LaborAndRelatedExpense,,,,,,868899.000,319304.000,341798.000,,,,,
LeaseAndRentalExpense,,,,,,41559.000,,,,,,,
LegalFees,,,,,,339713.000,122816.000,185471.000,290704.000,907025.000,353419.000,503126.000,250690.000
LossContingencyAccrualCarryingValuePayments,,,,,,,,,,,16500000.000,,
NetCashProvidedByUsedInFinancingActivities,,,249618.000,,,,610000.000,,,,,,
NetCashProvidedByUsedInFinancingActivitiesContinuingOperations,,,249618.000,,,,610000.000,,,,,,
NetCashProvidedByUsedInInvestingActivities,,,,,,,-800.000,,,,-100649.000,,
NetCashProvidedByUsedInInvestingActivitiesContinuingOperations,,,,,,,-800.000,,,,-100649.000,,
NetCashProvidedByUsedInOperatingActivities,,,-223787.000,,,,-456855.000,,,,-1945685.000,,
NetCashProvidedByUsedInOperatingActivitiesContinuingOperations,,,-223787.000,,,,-456855.000,,,,-1945685.000,,
NetIncomeLoss,-2264963.000,-429380.000,-714217.000,-860174.000,-3253818.000,-2117917.000,-1217240.000,-1922078.000,-3613386.000,-12097022.000,-6958660.000,-3632403.000,2518837.000
NetIncomeLossAvailableToCommonStockholdersBasic,,,,,,,,,,,,,2518837.000
NetIncomeLossAvailableToCommonStockholdersDiluted,,,,,,,,,,,,,2518837.000
NonoperatingIncomeExpense,,,-28817.000,,,,,,,,-21635.000,,
OfficersCompensation,,,60290.000,58150.000,,47333.000,,,,,,,
OperatingExpenses,2288563.000,439435.000,685400.000,610106.000,3193071.000,2259927.000,1427564.000,2349617.000,3894144.000,12270554.000,7134385.000,3596759.000,2118524.000
OperatingIncomeLoss,-2264963.000,-429380.000,-685400.000,-610106.000,-3186147.000,-2101420.000,-1140320.000,-1960110.000,-3604557.000,-12102016.000,-6937025.000,-3569417.000,-2038007.000
OtherComprehensiveIncomeUnrealizedHoldingGainLossOnSecuritiesArisingDuringPeriodNetOfTax,,,,,-1463.000,-940.000,,,,,,,
OtherIncome,,,,,,,2094.000,4189.000,7683.000,4861.000,3942.000,43177.000,844180.000
OtherNoncashExpense,,,5300.000,,,,,,,,,,
OtherNonoperatingExpense,,,,250068.000,67671.000,16497.000,76920.000,-38032.000,8829.000,,,,
OtherNonoperatingIncomeExpense,,,,,63100.000,,,,,,,-62986.000,4556844.000
PaymentsToAcquireIntangibleAssets,,,,,,,,,,,95788.000,,
PaymentsToAcquirePropertyPlantAndEquipment,,,,,,,800.000,,,,4860.000,,
ProceedsFromIssuanceOfCommonStock,,,250000.000,,,,885000.000,,,,,,
ProceedsFromNotesPayable,,,20000.000,,,,0.000,,,,,,
ProceedsFromRepaymentsOfBankOverdrafts,,,-382.000,,,,,,,,,,
ProfessionalFees,1665064.000,280734.000,,,,,,,,,,,
ProvisionForDoubtfulAccounts,,,,,,,32481.000,,,,72847.000,,
RepaymentsOfNotesPayable,,,20000.000,,,,0.000,,,,,,
ResearchAndDevelopmentExpense,,,,,83559.000,8635.000,139888.000,314973.000,439263.000,487749.000,156972.000,17471.000,0.000
RestructuringReserveAccrualAdjustment,,,,,,,,,,,,,3768485.000
Revenues,23600.000,10055.000,,0.000,27314.000,373737.000,733698.000,1117374.000,1389822.000,1853159.000,1167719.000,1141004.000,1547072.000
SalesRevenueNet,23600.000,10055.000,,0.000,27314.000,373737.000,731604.000,1113185.000,1382139.000,1848298.000,1163777.000,1097827.000,702892.000
SellingExpense,,,,,,,188625.000,345300.000,500437.000,677966.000,275187.000,29172.000,37853.000
ShareBasedCompensation,,,,316721.000,,,,,,,220577.000,,
ShareBasedCompensationArrangementByShareBasedPaymentAwardFairValueAssumptionsExpectedDividendRate,,,,,,,,,,,0.000,,
ShareBasedCompensationArrangementByShareBasedPaymentAwardFairValueAssumptionsExpectedVolatilityRate,,,,,,,,,,,3.380,,
ShareBasedCompensationArrangementByShareBasedPaymentAwardFairValueAssumptionsRiskFreeInterestRate,,,,,,,,,,,0.010,,
ShareBasedCompensationArrangementByShareBasedPaymentAwardOptionsForfeituresAndExpirationsInPeriod,,,,,,,140283.000,,,,-702728.000,,
ShareBasedCompensationArrangementByShareBasedPaymentAwardOptionsForfeituresAndExpirationsInPeriodWeightedAverageExercisePrice,,,,,,,0.090,,,,1.340,,
ShareBasedCompensationArrangementByShareBasedPaymentAwardOptionsGrantsInPeriodGross,,,,,,,3650000.000,,,,151334.000,,
ShareBasedCompensationArrangementByShareBasedPaymentAwardSharesIssuedInPeriod,,,800000.000,,,,,,,,,,
ShareBasedCompensationArrangementsByShareBasedPaymentAwardOptionsExercisesInPeriodWeightedAverageExercisePrice,,,,,,,0.000,,,,0.350,,
ShareBasedCompensationArrangementsByShareBasedPaymentAwardOptionsGrantsInPeriodWeightedAverageExercisePrice,,,,,,,0.090,,,,1.860,,
StockIssuedDuringPeriodSharesStockOptionsExercised,,,,,,,0.000,,,,-148097.000,,
StockIssuedDuringPeriodValueConversionOfConvertibleSecurities,,,,,,,105000.000,,,,,,
StockIssuedDuringPeriodValueIssuedForCash,,,,,,,885000.000,,,,,,
StockIssuedDuringPeriodValueIssuedForServices,,,,,,,485971.000,,,,577633.000,,
WeightedAverageNumberOfDilutedSharesOutstanding,,,,,,,,,,,,,26112971.000
WeightedAverageNumberOfShareOutstandingBasicAndDiluted,,,,,77215028.000,100188737.000,158546654.000,6007039.000,11419744.000,-166740362.000,13906033.000,15486250.000,
WeightedAverageNumberOfSharesOutstandingBasic,37029067.000,39198750.000,43355429.000,50534583.000,,,158546654.000,6007039.000,11419744.000,-166740362.000,,15486250.000,19119831.000
