,2011-06-30,2011-09-30,2012-03-31,2012-06-30,2012-09-30,2012-12-31,2013-03-31,2013-06-30,2013-09-30,2013-12-31,2014-03-31,2014-06-30,2014-09-30,2014-12-31,2015-03-31,2015-06-30,2015-09-30,2015-12-31,2016-03-31,2016-06-30,2016-09-30,2016-12-31,2017-03-31
AllowanceForDoubtfulAccountsReceivableWriteOffs,,,,,,,,,,,,,,,,,,,,,,,0.000
AmortizationOfDebtDiscountPremium,,,,,,,,,221000.000,,556000.000,570000.000,584000.000,590000.000,613000.000,629000.000,644000.000,614000.000,677000.000,693000.000,711000.000,719000.000,
AmortizationOfFinancingCostsAndDiscounts,,,42000.000,56000.000,60000.000,66000.000,78000.000,1372000.000,340000.000,532000.000,733000.000,758000.000,779000.000,797000.000,822000.000,915000.000,916000.000,931000.000,990000.000,1836000.000,986000.000,1168000.000,1710000.000
AntidilutiveSecuritiesExcludedFromComputationOfEarningsPerShareAmount,,,,2846867.000,2858080.000,,4773541.000,770200.000,756200.000,-6296436.000,119496.000,0.000,14877.000,-100315.000,823881.000,53183.000,742432.000,-1424244.000,2801325.000,1037740.000,1211855.000,-4123977.000,99659243.000
AssetImpairmentCharges,,,,,,,,,,,,,,,,,0.000,,,,,,
AssetRetirementObligationAccretionExpense,129000.000,138000.000,94000.000,89000.000,101000.000,104000.000,102000.000,114000.000,142000.000,110000.000,122000.000,125000.000,129000.000,130000.000,125000.000,131000.000,131000.000,115000.000,105000.000,89000.000,92000.000,82000.000,51000.000
AssetRetirementObligationCashPaidToSettle,,,,,,,,,,,257000.000,,,,0.000,,,,,,,,
AssetRetirementObligationLiabilitiesSettled,,,,,,,,,,,0.000,,,,,,,,,,,,
BusinessCombinationBargainPurchaseGainRecognizedAmount,,,,,,,,,0.000,,,0.000,0.000,,,,,,,,,,
CashAndCashEquivalentsPeriodIncreaseDecrease,,,-1001000.000,,,,-1766000.000,,,,-5480000.000,,,,1135000.000,,,,-23124000.000,,,,-6934000.000
CostsAndExpenses,8832000.000,10580000.000,14206000.000,86199000.000,90886000.000,12177000.000,13113000.000,17117000.000,17214000.000,21547000.000,23830000.000,23358000.000,21333000.000,24385000.000,26200000.000,129390000.000,208658000.000,171880000.000,75403000.000,17295000.000,5044000.000,14358000.000,14395000.000
DepreciationDepletionAndAmortization,2991000.000,3694000.000,5653000.000,6956000.000,7135000.000,5680000.000,5365000.000,7596000.000,8467000.000,11021000.000,12382000.000,10280000.000,11111000.000,12407000.000,14471000.000,16080000.000,15394000.000,16942000.000,13729000.000,5591000.000,5223000.000,5130000.000,4652000.000
DerivativeInstrumentsGainLossRecognizedInIncomeNet,,,,5768000.000,-2045000.000,,,,,,,,,,,,,,,,,,
DerivativeInstrumentsNotDesignatedAsHedgingInstrumentsGainLossNet,502000.000,2424000.000,-1524000.000,2804000.000,-5403000.000,-1443000.000,-9637000.000,7485000.000,-5004000.000,2404000.000,-6514000.000,-8910000.000,6663000.000,28330000.000,10223000.000,-1790000.000,11301000.000,4855000.000,285000.000,-2778000.000,-1498000.000,1128000.000,1300000.000
EarningsPerShareBasic,0.000,0.020,-0.100,-1.170,-1.310,0.050,-0.070,0.830,-0.070,-0.030,-0.030,0.030,0.160,0.420,-0.040,-1.520,-2.470,-2.080,-0.930,-0.170,-0.030,0.200,-0.140
EarningsPerShareDiluted,0.000,0.020,-0.100,-1.170,-1.310,0.050,-0.070,0.810,-0.070,-0.040,-0.030,0.030,0.150,0.400,-0.040,-1.520,-2.470,-2.080,-0.930,-0.170,-0.030,0.200,-0.140
FairValueInputsDiscountRate,,,,,,,,,,,,,,,,,,,0.100,,,,0.100
ForeignCurrencyTransactionGainLossBeforeTax,1000.000,-8000.000,3000.000,-3000.000,-2000.000,0.000,-1000.000,-11000.000,-3000.000,1000.000,-2000.000,-4000.000,-1000.000,0.000,0.000,0.000,0.000,0.000,,,,,
GainLossRelatedToLitigationSettlement,,,,,,,,,,,,,,,,,,,,,10100000.000,,
GainOnPurchaseOfBusiness,,,,,,,,43712000.000,,,,,,,,,,,,,,,
GainsLossesOnExtinguishmentOfDebt,,,,,,,,,,,,,,,,,,,,,,,-12172000.000
GasGatheringTransportationMarketingAndProcessingCosts,1123000.000,1128000.000,1179000.000,1231000.000,1305000.000,1250000.000,1164000.000,1124000.000,1098000.000,620000.000,625000.000,2146000.000,397000.000,511000.000,497000.000,542000.000,615000.000,533000.000,613000.000,395000.000,338000.000,358000.000,311000.000
GeneralAndAdministrativeExpense,2596000.000,3100000.000,3161000.000,3151000.000,2951000.000,2948000.000,3002000.000,4964000.000,3998000.000,4997000.000,4763000.000,3893000.000,4002000.000,3827000.000,4248000.000,4421000.000,4683000.000,3717000.000,5675000.000,6272000.000,3925000.000,3573000.000,3824000.000
ImpairmentOfOilAndGasProperties,,,,72733000.000,78054000.000,,0.000,0.000,0.000,0.000,0.000,0.000,0.000,0.000,0.000,100152000.000,181966000.000,144760000.000,48497000.000,0.000,0.000,0.000,0.000
IncomeLossFromContinuingOperationsBeforeIncomeTaxesExtraordinaryItemsNoncontrollingInterest,,,-5074000.000,-72308000.000,-81473000.000,5064000.000,-2456000.000,53970000.000,-1808000.000,-16406000.000,1611000.000,5627000.000,13425000.000,30290000.000,614000.000,-114395000.000,-188201000.000,-157525000.000,-69857000.000,-14481000.000,-178000.000,-4545000.000,-18698000.000
IncomeLossFromContinuingOperationsBeforeIncomeTaxesMinorityInterestAndIncomeLossFromEquityMethodInvestments,157000.000,1402000.000,,,,,,,,,,,,,,,,,,,,,
IncomeTaxExpenseBenefit,,,0.000,0.000,0.000,0.000,0.000,0.000,0.000,-16042000.000,0.000,0.000,0.000,0.000,0.000,0.000,0.000,0.000,0.000,0.000,0.000,0.000,0.000
IncreaseDecreaseInAccountsPayableAndAccruedLiabilities,,,-4633000.000,,,,-2997000.000,,,,4169000.000,,,,5957000.000,,,,11475000.000,,,,972000.000
IncreaseDecreaseInAccountsReceivable,,,-5429000.000,,,,-295000.000,,,,750000.000,,,,-14279000.000,,,,-636000.000,,,,9897000.000
IncreaseDecreaseInCommodityContractAssetsAndLiabilities,,,0.000,,,,,,,,,,,,,,,,,,,,
IncreaseDecreaseInPrepaidExpense,,,-26000.000,,,,-82000.000,,,,-81000.000,,,,-275000.000,,,,-100000.000,,,,-103000.000
IncreaseInRestrictedCash,,,,,,,,,,,,,,,,,,,,,,,369000.000
IncrementalCommonSharesAttributableToShareBasedPaymentArrangements,,,,,,,,,,,,,,,,,,,,,,,0.000
InterestCostsCapitalized,,,,461000.000,579000.000,,-369000.000,-789000.000,-1277000.000,-849000.000,-976000.000,-1054000.000,-1085000.000,-1232000.000,-1189000.000,,,,,,,,
InterestCostsCapitalizedAdjustment,,,,,,,,,,,,,,,,1220000.000,686000.000,,599000.000,783000.000,966000.000,754000.000,620000.000
InterestCostsIncurred,,,,434000.000,549000.000,,900000.000,2962000.000,4376000.000,5892000.000,7134000.000,7208000.000,7297000.000,7212000.000,7928000.000,7241000.000,7703000.000,8109000.000,8907000.000,8210000.000,8158000.000,8093000.000,9759000.000
InterestExpense,31000.000,24000.000,27000.000,29000.000,30000.000,184000.000,609000.000,3545000.000,3439000.000,5575000.000,6891000.000,6912000.000,6991000.000,6777000.000,7561000.000,6936000.000,7933000.000,8256000.000,9298000.000,9263000.000,8178000.000,8507000.000,10849000.000
InterestPaid,,,,,,,878000.000,,,,-697000.000,,,,-282000.000,,,,,,,,
InterestPaidNet,,,,,,,,,,,,,,,,,,,1378000.000,,,,11721000.000
InvestmentIncomeNet,3000.000,2000.000,2000.000,2000.000,2000.000,3000.000,3000.000,5000.000,8000.000,32000.000,7000.000,4000.000,4000.000,4000.000,3000.000,3000.000,4000.000,3000.000,33000.000,-76000.000,,,49000.000
LeaseOperatingExpense,1875000.000,2363000.000,2416000.000,1558000.000,780000.000,1420000.000,1837000.000,2169000.000,2190000.000,3260000.000,4044000.000,4877000.000,4136000.000,6266000.000,6019000.000,7242000.000,5214000.000,5253000.000,6079000.000,4584000.000,5166000.000,4776000.000,5072000.000
LitigationSettlementExpense,,,1250000.000,0.000,0.000,0.000,1000000.000,0.000,0.000,0.000,0.000,0.000,0.000,0.000,,,,,,,,,
NaturalGasProductionRevenue,,8613000.000,6911000.000,6682000.000,8906000.000,11330000.000,11233000.000,12044000.000,11396000.000,5743000.000,15419000.000,17559000.000,7151000.000,7518000.000,6700000.000,3950000.000,3459000.000,2792000.000,4018000.000,1876000.000,2500000.000,2460000.000,2588000.000
NetCashProvidedByUsedInFinancingActivities,,,35272000.000,,,,15201000.000,,,,-6369000.000,,,,14676000.000,,,,-25514000.000,,,,64353000.000
NetCashProvidedByUsedInFinancingActivitiesContinuingOperations,,,35272000.000,,,,15201000.000,,,,-6369000.000,,,,14676000.000,,,,-25514000.000,,,,64353000.000
NetCashProvidedByUsedInInvestingActivities,,,-38770000.000,,,,-27896000.000,,,,-22163000.000,,,,-46664000.000,,,,-12791000.000,,,,-63731000.000
NetCashProvidedByUsedInInvestingActivitiesContinuingOperations,,,-38770000.000,,,,-27896000.000,,,,-22163000.000,,,,-46664000.000,,,,-12791000.000,,,,-63731000.000
NetCashProvidedByUsedInOperatingActivities,,,2497000.000,,,,10929000.000,,,,23052000.000,,,,33123000.000,,,,15181000.000,,,,-7556000.000
NetCashProvidedByUsedInOperatingActivitiesContinuingOperations,,,2497000.000,,,,10929000.000,,,,23052000.000,,,,33123000.000,,,,15181000.000,,,,-7556000.000
NetIncomeLoss,157000.000,1402000.000,-5074000.000,-72308000.000,-81473000.000,5064000.000,-2456000.000,53970000.000,-1808000.000,-364000.000,1611000.000,5627000.000,13425000.000,30290000.000,614000.000,-114395000.000,-188201000.000,-157525000.000,-69857000.000,-14481000.000,-178000.000,-4545000.000,-18698000.000
NetIncomeLossAvailableToCommonStockholdersBasic,126000.000,1014000.000,-6310000.000,-74035000.000,-83457000.000,2934000.000,-4586000.000,51836000.000,-3942000.000,-3344000.000,-1965000.000,2016000.000,9807000.000,26671000.000,-3004000.000,-118014000.000,-191819000.000,-161143000.000,-73475000.000,-18100000.000,-3796000.000,-8163000.000,-22316000.000
OilAndCondensateRevenue,,,1883000.000,,,,,,,,,,,,,,12835000.000,,8813000.000,11345000.000,10306000.000,12547000.000,12190000.000
OilAndGasSalesRevenue,8514000.000,9588000.000,10678000.000,11117000.000,14846000.000,18865000.000,20901000.000,23441000.000,23844000.000,24321000.000,38841000.000,44807000.000,35083000.000,33118000.000,24149000.000,23718000.000,17085000.000,17753000.000,14526000.000,14931000.000,14501000.000,17159000.000,17369000.000
OperatingIncomeLoss,184000.000,1432000.000,-5052000.000,-72278000.000,-81443000.000,5245000.000,-1849000.000,13809000.000,1626000.000,5178000.000,8497000.000,12539000.000,20413000.000,37063000.000,8172000.000,-107462000.000,-180272000.000,-149272000.000,-60592000.000,-5142000.000,7959000.000,3929000.000,4274000.000
OtherNoncashIncomeExpense,,,,,,,,,,,,,,,,,,,37000.000,,,,
PaymentsForProceedsFromPreviousAcquisition,,,,,,,,,,,,,,,,,,,-127000.000,,,,54498000.000
PaymentsOfDividendsPreferredStockAndPreferenceStock,,,,,,,,,,,,,,,3618000.000,,,,3618000.000,,,,14473000.000
PaymentsOfFinancingCosts,,,267000.000,,,,143000.000,,,,135000.000,,,,281000.000,,,,815000.000,,,,9945000.000
PaymentsRelatedToTaxWithholdingForShareBasedCompensation,,,,,,,,,,,3544000.000,,,,1425000.000,,,,711000.000,,,,585000.000
PaymentsToAcquireBusinessesNetOfCashAcquired,,,,,,,,,,,-4209000.000,,,,0.000,,,,,,,,
PaymentsToAcquireFurnitureAndFixtures,,,120000.000,,,,19000.000,,,,148000.000,,,,3000.000,,,,4000.000,,,,41000.000
PaymentsToAcquireOilAndGasProperty,,,,,,,7425000.000,,,,341000.000,,,,,,,,,,,,
PaymentsToAcquireOilAndGasPropertyAndEquipment,,,35494000.000,,,,33829000.000,,,,25812000.000,,,,46121000.000,,,,12825000.000,,,,21613000.000
PreferredStockDividendsIncomeStatementImpact,,,,,,,,,,,3576000.000,3611000.000,3618000.000,,3618000.000,3619000.000,3618000.000,3618000.000,3618000.000,3619000.000,3618000.000,-7237000.000,3618000.000
ProceedsFromConvertibleDebt,,,,,,,,,,,,,,,,,,,,,,,200000000.000
ProceedsFromIssuanceOfCommonStock,,,,,,,,,,,,,,,,,,,,,,,56366000.000
ProceedsFromIssuanceOfPreferredStockAndPreferenceStock,,,30769000.000,,,,0.000,,,,886000.000,,,,0.000,,,,,,,,
ProceedsFromLinesOfCredit,,,24000000.000,,,,19000000.000,,,,0.000,,,,25000000.000,,,,0.000,,,,
ProceedsFromLongTermLinesOfCredit,,,,,,,,,,,,,,,,,,,,,,,250000000.000
ProceedsFromPaymentsForOtherFinancingActivities,,,-230000.000,,,,-236000.000,,,,,,,,,,,,,,,,
ProceedsFromSaleOfOilAndGasPropertyAndEquipment,,,,,,,,,,,,,,,,,,,0.000,,,,13150000.000
ProductionTaxExpense,118000.000,157000.000,453000.000,481000.000,560000.000,775000.000,643000.000,1150000.000,1319000.000,1539000.000,1894000.000,2037000.000,1558000.000,1244000.000,840000.000,822000.000,655000.000,560000.000,705000.000,364000.000,400000.000,439000.000,485000.000
ProvisionForDoubtfulAccounts,,,,,,,,,,,,,,,,,,,,,,,0.000
RepaymentsOfLinesOfCredit,,,19000000.000,,,,2000000.000,,,,0.000,,,,5000000.000,,,,20370000.000,,,,84630000.000
RepaymentsOfSeniorDebt,,,,,,,,,,,,,,,,,,,,,,,325000000.000
Revenues,9016000.000,12012000.000,9154000.000,13921000.000,9443000.000,17422000.000,11264000.000,30926000.000,18840000.000,26725000.000,32327000.000,35897000.000,41746000.000,61448000.000,34372000.000,21928000.000,28386000.000,22608000.000,14811000.000,12153000.000,13003000.000,18287000.000,18669000.000
SalesRevenueNet,9016000.000,12012000.000,9154000.000,13921000.000,9443000.000,17422000.000,11264000.000,30926000.000,18840000.000,26725000.000,32327000.000,35897000.000,41746000.000,61448000.000,34372000.000,21928000.000,28386000.000,22608000.000,14811000.000,12153000.000,13003000.000,18287000.000,18669000.000
SettlementOfAssetRetirementObligationsThroughNoncashPaymentsAmount,,,,,,,,,,,,,,,,,,,,,,,1533000.000
ShareBasedCompensation,,,892000.000,,,,823000.000,,,,1533000.000,,,,1526000.000,,,,1633000.000,,,,996000.000
StockIssuedDuringPeriodSharesNewIssues,,,,,,,,,,,,,,,,,,,0.000,,,,
StockIssuedDuringPeriodSharesRestrictedStockAwardGross,,,,,,,,,,,,,,,497636.000,0.000,,,,,,,
StockIssuedDuringPeriodSharesRestrictedStockAwardNetOfForfeitures,,,,,,,,,,,,,,,,,0.000,,502593.000,0.000,0.000,0.000,
StockIssuedDuringPeriodSharesStockOptionsExercised,,,,0.000,0.000,,,,,,,,7500.000,,,,,,,,,,
UnrealizedGainLossOnDerivativesAndCommodityContracts,,,,,,,,,,,,,,,4252000.000,-7777000.000,4500000.000,-2875000.000,6500000.000,-3300000.000,-3100000.000,-13700000.000,-582000.000
UseOfRestrictedCashForAcquisitionOfOilAndGasProperty,,,,,,,,,,,,,,,-2008000.000,,,,,,,,
WeightedAverageNumberOfDilutedSharesOutstanding,63723093.000,63842098.000,63336437000.000,63541739.000,63601645.000,-63400042022.000,63864527.000,63813423.000,57359357.000,-121418906.000,58204532.000,61922874.000,63399446.000,-117034263.000,77114826.000,77611167.000,77628120.000,-154842436.000,78788133.000,104009337.000,129301817.000,-200731835.000,162829221.000
WeightedAverageNumberOfSharesOutstandingBasic,63134109.000,63238069.000,63336437000.000,63541739.000,63601645.000,-63400042022.000,63864527.000,62398472.000,57359357.000,-123402241.000,58204532.000,58702982.000,60006903.000,-113643684.000,77114826.000,77611167.000,77628120.000,-154842436.000,78788133.000,104009337.000,129301817.000,-200731835.000,162829221.000
WriteOffOfDeferredDebtIssuanceCost,,,,,,,,1200000.000,,,,,,,,,,,,,,,
