,2011-07-31,2011-10-31,2012-04-30,2012-09-30,2013-03-31,2013-06-30,2013-09-30,2013-12-31,2014-03-31,2014-06-30,2014-09-30
AdjustmentsToAdditionalPaidInCapitalWarrantIssued,,,,32565.000,,,,,,,
AmortizationOfIntangibleAssets,,,,,5771.000,5771.000,5771.000,5770.000,5771.000,5771.000,5771.000
CashAndCashEquivalentsPeriodIncreaseDecrease,,,,,-165791.000,,,,2080.000,,
CostOfGoodsSold,,,,3370.000,4753.000,4849.000,38882.000,8200.000,7827.000,2385.000,16257.000
CostsAndExpenses,2985.000,3232.000,89154.000,,,,,,,,
DebtConversionConvertedInstrumentAmount1,,,,,,,,,1005920.000,,
DebtInstrumentPeriodicPaymentInterest,,,,,,2068.000,1367.000,,,,
DebtInstrumentPeriodicPaymentPrincipal,,,,,,6932.000,4633.000,,,,
DefinedContributionPlanMaximumAnnualContributionsPerEmployeePercent,,,,,,,,,0.150,,
Depreciation,,,,2301.000,2201.000,1924.000,1924.000,1923.000,1924.000,976.000,1355.000
DepreciationDepletionAndAmortization,,,,8072.000,7972.000,7695.000,7695.000,7695.000,7695.000,6746.000,7125.000
EarningsPerShareBasicAndDiluted,0.000,-0.000,0.000,-0.020,-0.010,-0.010,-0.010,0.010,0.000,0.000,0.000
FairValueAssumptionsExpectedDividendRate,,,,,0.000,,,,,,
FairValueAssumptionsExpectedVolatilityRate,,,,,0.390,,,,,,
GeneralAndAdministrativeExpense,1160.000,2127.000,89154.000,,,246390.000,212083.000,,514262.000,352674.000,
GrossProfit,,,,10124.000,12001.000,31380.000,7694.000,16814.000,16617.000,24877.000,21033.000
IncomeLossFromContinuingOperations,,,,-432939.000,-416269.000,-321397.000,-306891.000,-309647.000,-639578.000,-415154.000,-112939.000
IncomeLossFromContinuingOperationsBeforeIncomeTaxesMinorityInterestAndIncomeLossFromEquityMethodInvestments,,,,-1041817.000,-425478.000,-330745.000,-316795.000,-319302.000,-648055.000,-422313.000,-120823.000
IncreaseDecreaseInAccountsPayable,,,,,48596.000,,,,-123369.000,,
IncreaseDecreaseInAccountsPayableAndAccruedLiabilities,,,89154.000,,,,,,,,
IncreaseDecreaseInAccountsReceivable,,,,,-8198.000,,,,17598.000,,
IncreaseDecreaseInDeferredCompensation,,,,,40092.000,,,,-375098.000,,
IncreaseDecreaseInDeferredRevenue,,,,,-2865.000,,,,,,
IncreaseDecreaseInInventories,,,,,2544.000,,,,4767.000,,
IncreaseDecreaseInLongTermReceivablesCurrent,,,,,-100.000,,,,,,
IncreaseDecreaseInNotesReceivableCurrent,,,-400000.000,,,,,,,,
IncreaseDecreaseInOtherCurrentAssets,,,,,9819.000,,,,39604.000,,
IncreaseDecreaseInOtherCurrentLiabilities,,,,,-6153.000,,,,143410.000,,
InterestExpense,,,,68722.000,9209.000,9348.000,9904.000,10223.000,8494.000,7159.000,7884.000
InterestIncomeOther,,,,,,,,,17.000,,
InterestPaid,,,,,2136.000,,,,1414.000,,
LeaseAndRentalExpense,,,,19791.000,19791.000,17777.000,17777.000,22515.000,19791.000,19791.000,19791.000
NetCashProvidedByUsedInFinancingActivities,,,400000.000,,91619.000,,,,1039436.000,,
NetCashProvidedByUsedInFinancingActivitiesContinuingOperations,,,400000.000,,91619.000,,,,1039436.000,,
NetCashProvidedByUsedInOperatingActivities,,,-400000.000,,-257410.000,,,,-1037356.000,,
NetCashProvidedByUsedInOperatingActivitiesContinuingOperations,,,-400000.000,,-257410.000,,,,-1037356.000,,
NetIncomeLoss,-2985.000,-3232.000,0.000,-1041817.000,-425478.000,-330745.000,-316795.000,-319302.000,-648055.000,,
OfficersCompensation,,,,,,,,,5000.000,,
OperatingIncomeLoss,,,,-608878.000,-9209.000,,,,,,
OperatingLeasesRentExpenseMinimumRentals,,,,,6597.000,,,,6597.000,,
OtherDepreciationAndAmortization,,,,,7972.000,,,,7696.000,,
OtherNoncashExpense,,,,,7073.000,,,,7080.000,,
OtherNonoperatingIncomeExpense,,,89154.000,,,,,,,,
OtherOperatingIncome,,,,-4789.000,,,,,,,
OtherOperatingIncomeExpenseNet,,,,,,-9348.000,-9904.000,,-8477.000,-7159.000,-7884.000
ProceedsFromIssuanceOfCommonStock,,,75000.000,,,,,,,,
ProceedsFromIssuanceOfWarrants,,,,0.000,,,,,,,
ProceedsFromIssuanceOrSaleOfEquity,,,,,,,,,939330.000,,
ProceedsFromOtherEquity,,,,,,,,,695250.000,,
ProceedsFromRepaymentsOfShortTermDebt,,,,,,,,,310670.000,,
ProceedsFromWarrantExercises,,,,,100000.000,,,,,,
ProfessionalFees,1825.000,1105.000,,,,,,,,,
ProfitLoss,,,,-1041817.000,-425478.000,-330745.000,-316795.000,-319302.000,-648055.000,-422313.000,-120823.000
RepaymentsOfNotesPayable,,,,,8381.000,,,,205144.000,,
RepaymentsOfOtherShortTermDebt,,,,,1500.000,,,,310670.000,,
RepaymentsOfShortTermDebt,,,,,,,,,390000.000,,
ResearchAndDevelopmentExpense,,,,,102499.000,68894.000,63778.000,,120318.000,65626.000,
Revenues,,,0.000,10124.000,12001.000,31380.000,7694.000,16814.000,16617.000,24877.000,21033.000
SalesRevenueGoodsNet,,,,13494.000,16754.000,36229.000,46576.000,25014.000,24444.000,27262.000,37290.000
SalesRevenueNet,,,0.000,14913.000,12001.000,31380.000,7694.000,16814.000,16617.000,24877.000,21033.000
SellingAndMarketingExpense,,,,,25989.000,29798.000,31029.000,,13920.000,14985.000,
SellingGeneralAndAdministrativeExpense,,,,,291810.000,,,,,,
ShareBasedCompensation,,,,65278.000,77418.000,36120.000,,,12949.000,8383.000,3497.000
ShareBasedCompensationArrangementByShareBasedPaymentAwardOptionsGrantsInPeriodWeightedAverageGrantDateFairValue,,,,,0.154,0.198,0.080,,0.100,0.100,
StockGrantedDuringPeriodValueSharebasedCompensationGross,,,,,,,17157.000,,,,
StockIssuedDuringPeriodValueNewIssues,,,0.000,,,,,,,,
WeightedAverageNumberOfDilutedSharesOutstanding,60000000.000,60000000.000,29426667.000,43880789.000,62660778.000,62660778.000,62660778.000,-125321556.000,172131072.000,252333438.000,252333438.000
