,2011-06-30,2011-09-30,2012-03-31,2012-06-30,2012-09-30,2012-12-31,2013-03-31,2013-06-30,2013-09-30,2013-12-31,2014-03-31,2014-06-30
CashAndCashEquivalentsPeriodIncreaseDecrease,,,-6036062.000,,,,-2984234.000,,,,-978659.000,
ComprehensiveIncomeNetOfTax,5936711.000,13673133.000,8775261.000,6695573.000,12787365.000,9897559.000,9431882.000,7321960.000,14388525.000,8177752.000,6393915.000,1141145.000
ComprehensiveIncomeNetOfTaxAttributableToNoncontrollingInterest,,,,,,,-15814.000,-1795.000,252.000,0.000,0.000,0.000
ContributionsFromNoncontrollingInterests,,,,,,,237750.000,,,,,
CostOfRevenue,13224347.000,14695955.000,22860558.000,15681369.000,19416494.000,22958565.000,25164280.000,14618648.000,22108234.000,25392852.000,25348476.000,13993017.000
DeferredIncomeTaxExpenseBenefit,,,82584.000,,,,0.000,,,,,
DepreciationAndAmortization,,,329557.000,,,,453908.000,,,,649393.000,
EarningsPerShareDiluted,0.131,0.347,0.218,0.180,0.359,0.260,0.236,0.140,0.370,0.188,0.220,0.020
EffectOfExchangeRateOnCashAndCashEquivalents,,,118092.000,,,,60530.000,,,,-27254.000,
EquityMethodInvestmentRealizedGainLossOnDisposal,,,,,,,,,467450.000,,,
FinancingInterestExpense,161357.000,228786.000,334591.000,385942.000,281493.000,305759.000,566049.000,268741.000,322225.000,344297.000,382897.000,521715.000
GainLossOnDispositionOfAssets,,,,,,,,,,,-644.000,
GeneralAndAdministrativeExpense,1646698.000,1072433.000,1351246.000,804244.000,890279.000,976591.000,1128818.000,1300839.000,885924.000,1742940.000,1257230.000,641733.000
GrossProfit,7330476.000,14938656.000,9825472.000,8491586.000,14543951.000,11958775.000,10811049.000,7123928.000,14477790.000,8996236.000,9914572.000,2017858.000
IncomeLossFromContinuingOperationsBeforeIncomeTaxesMinorityInterestAndIncomeLossFromEquityMethodInvestments,4815010.000,12791734.000,8260402.000,6650047.000,13358711.000,10174482.000,8858625.000,5179262.000,13585716.000,6927555.000,8333508.000,698477.000
IncomeTaxExpenseBenefit,-8183.000,-2579.000,249039.000,20086.000,127194.000,600276.000,192582.000,86665.000,135862.000,-217147.000,185224.000,129064.000
IncomeTaxesPaid,,,76354.000,,,,71670.000,,,,52920.000,
IncreaseDecreaseInAccountsPayableTrade,,,5441558.000,,,,14196377.000,,,,4209256.000,
IncreaseDecreaseInAccruedIncomeTaxesPayable,,,90101.000,,,,118860.000,,,,132303.000,
IncreaseDecreaseInDeferredRevenue,,,102250.000,,,,692020.000,,,,290256.000,
IncreaseDecreaseInInventories,,,10947183.000,,,,13281592.000,,,,15812370.000,
IncreaseDecreaseInOtherCurrentLiabilities,,,126223.000,,,,21218.000,,,,224592.000,
IncreaseDecreaseInOtherReceivables,,,-1335615.000,,,,4126120.000,,,,-7368787.000,
IncreaseDecreaseInRestrictedCash,,,-274410.000,,,,0.000,,,,,
InterestPaid,,,294716.000,,,,255715.000,,,,332019.000,
InventoryWriteDown,,,2694.000,,,,4914.000,,,,0.000,
NetCashProvidedByUsedInFinancingActivities,,,1461779.000,,,,3974772.000,,,,-1445380.000,
NetCashProvidedByUsedInFinancingActivitiesContinuingOperations,,,1461779.000,,,,3974772.000,,,,-1445380.000,
NetCashProvidedByUsedInInvestingActivities,,,-6003700.000,,,,-138788.000,,,,-5246.000,
NetCashProvidedByUsedInInvestingActivitiesContinuingOperations,,,-6003700.000,,,,-138788.000,,,,-5246.000,
NetCashProvidedByUsedInOperatingActivities,,,-1612233.000,,,,-6880748.000,,,,499221.000,
NetCashProvidedByUsedInOperatingActivitiesContinuingOperations,,,-1612233.000,,,,-6880748.000,,,,499221.000,
NetIncomeLoss,4823193.000,12794313.000,8011363.000,6629961.000,13231517.000,9574206.000,8666043.000,5092597.000,13449854.000,7144702.000,8148284.000,569413.000
NetIncomeLossAttributableToNoncontrollingInterest,,,,,,,-16885.000,-5122.000,-1111.000,0.000,0.000,0.000
OperatingExpenses,2209901.000,1539672.000,1898859.000,1211517.000,1106543.000,1266436.000,1474562.000,1732188.000,1205276.000,2104479.000,1503370.000,903969.000
OperatingIncomeLoss,5120575.000,13398984.000,7926613.000,7280069.000,13437408.000,10692339.000,9336487.000,5391740.000,13272514.000,6891757.000,8411202.000,1113889.000
OtherComprehensiveIncomeForeignCurrencyTransactionAndTranslationAdjustmentNetOfTaxPortionAttributableToParent,1113518.000,878820.000,763898.000,65612.000,-444152.000,323353.000,765839.000,2229363.000,938671.000,1033050.000,-1754369.000,571732.000
OtherComprehensiveIncomeLossNetOfTaxPortionAttributableToParent,,,,,,,9447696.000,7323755.000,14388273.000,8177752.000,6393915.000,1141145.000
OtherOperatingIncomeExpenseNet,-144208.000,-383364.000,491084.000,-253291.000,-73529.000,-20313.000,24427.000,16818.000,3142.000,-37719.000,58126.000,26322.000
PaymentsToAcquireIntangibleAssets,,,4686552.000,,,,,,,,,
PaymentsToAcquireOtherPropertyPlantAndEquipment,,,,,,,0.000,,,,,
PaymentsToAcquirePropertyPlantAndEquipment,,,1329405.000,,,,1536726.000,,,,5246.000,
ProceedsFromIssuanceOfSecuredDebt,,,9740096.000,,,,13150500.000,,,,5938557.000,
ProceedsFromMinorityShareholders,,,,,,,,,,,0.000,
ProceedsFromRelatedPartyDebt,,,,,,,165404.000,,,,479839.000,
ProceedsFromSaleOfOtherPropertyPlantAndEquipment,,,,,,,1397938.000,,,,0.000,
ProceedsFromSaleOfPropertyPlantAndEquipment,,,12257.000,,,,0.000,,,,,
ProfitLoss,,,,,,,8682928.000,5097719.000,13450965.000,7144702.000,8148284.000,569413.000
ProvisionForDoubtfulAccounts,,,315.000,,,,392.000,,,,6304.000,
RealizedInvestmentGainsLosses,,,,,,,1241.000,,,,0.000,
RepaymentsOfRelatedPartyDebt,,,-182330.000,,,,,,,,,
RepaymentsOfSecuredDebt,,,7349047.000,,,,6932825.000,,,,8129607.000,
RevenueFromGrants,,4900.000,177296.000,9211.000,276325.000,-191785.000,63760.000,39445.000,164835.000,209825.000,247077.000,79981.000
Revenues,20554823.000,29634611.000,32686030.000,24172955.000,33960445.000,34917340.000,35976570.000,21742576.000,36586024.000,34389088.000,35263048.000,16010875.000
SalesRevenueNet,20554823.000,29634611.000,32686030.000,24172955.000,33960445.000,34917340.000,35975329.000,21742576.000,36586024.000,34389088.000,35263048.000,16010875.000
SellingAndMarketingExpense,563203.000,467239.000,547613.000,407273.000,216264.000,289845.000,345744.000,431349.000,319352.000,361539.000,246140.000,262236.000
ShareBasedCompensation,,,541865.000,,,,216869.000,,,,152891.000,
StockIssuedDuringPeriodValueShareBasedCompensation,,,541865.000,,,,216869.000,,,,152891.000,
UnrealizedGainLossOnForeignCurrencyDerivativesNetBeforeTax,,,567229.000,,,,0.000,,,,,
WeightedAverageNumberOfDilutedSharesOutstanding,36823626.000,36823626.000,36823626.000,36823626.000,36823626.000,-73647252.000,36823626.000,36823626.000,36823626.000,-73647252.000,36823626.000,36823626.000
