,2011-06-30,2011-09-30,2012-03-31,2012-06-30,2012-09-30,2012-12-31,2013-03-31,2013-06-30,2013-09-30,2013-12-31,2014-03-31,2014-06-30,2014-09-30,2014-12-31,2015-03-31,2015-06-30,2015-09-30,2015-12-31,2016-03-31,2016-06-30,2016-09-30,2016-12-31,2017-03-31
AdvertisingBarterTransactionsAdvertisingBarterRevenue,,,,,,,,,,,,,,,,,,,20543.000,,,,29974.000
AdvertisingExpense,,,,,,,,,,,,,,,,,,,96594.000,,,,2438.000
AmortizationOfDebtDiscountPremium,,,2038.000,,,,15150.000,,,,26613.000,,,,71448.000,,300454.000,,555749.000,523536.000,380902.000,261109.000,153550.000
AmortizationOfDeferredCharges,,,,,,,,,,,,,,,,,,,4125.000,,,,1708.000
AmortizationOfFinancingCosts,,,0.000,,,,,,,,,,,,,,,,,,,,
AntidilutiveSecuritiesExcludedFromComputationOfEarningsPerShareAmount,,,,,,,47275262.000,,,,,,,,,,,,1462459981.000,,,,50396191.000
CashPeriodIncreaseDecrease,,,-7015.000,,,,5079.000,,,,58068.000,,,,25137.000,,,,-227875.000,,,,-17498.000
ChangeInUnrealizedGainLossOnFairValueHedgingInstruments1,,,,,,,,,,,,,,,,,,,1473275.000,,,,2469356.000
CostOfGoodsSold,,,,,,,35944.000,20415.000,12632.000,32431.000,17758.000,130561.000,70968.000,60479.000,23465.000,53737.000,141005.000,135800.000,80505.000,31631.000,12887.000,9639.000,30047.000
CostOfRevenue,33429.000,29851.000,27690.000,9088.000,24951.000,23755.000,52801.000,43899.000,33328.000,51735.000,52670.000,179926.000,110122.000,119973.000,59959.000,88455.000,206599.000,158881.000,115402.000,58778.000,33879.000,23206.000,43842.000
CostOfServices,,,,,,,16857.000,23484.000,20696.000,19304.000,34912.000,49365.000,39154.000,59494.000,36494.000,34718.000,65594.000,23081.000,34897.000,27147.000,20992.000,13567.000,13795.000
DebtConversionConvertedInstrumentAmount1,,,,,,,,,,,,,,,,,,,555749.000,,,,593983.000
DebtConversionConvertedInstrumentSharesIssued1,,,,,,,,,,,,,,,,,,,,,,,2864317.000
DebtConversionOriginalDebtAmount1,,,10000.000,,,,5100.000,,,,13301.000,,,,92907.000,,,,262413.000,,,,148301.000
Depreciation,75.000,75.000,75.000,75.000,75.000,75.000,75.000,75.000,3.000,0.000,,,,,1556.000,,2158.000,,3362.000,3363.000,8431.000,0.000,
DepreciationAndAmortization,,,,,,,,,,,,,,,,,,,3362.000,,,,0.000
DerivativeGainLossOnDerivativeNet,-2374.000,223.000,-156.000,5407.000,23782.000,,-657.000,5134.000,37552.000,1577651.000,-34019684.000,14819099.000,5599812.000,3364501.000,545047.000,-1166147.000,156423.000,505081.000,1812825.000,-1851221.000,1510782.000,-2430458.000,2469356.000
DerivativeLossOnDerivative,,,,,,,,,,,,,,,,,787628.000,,150630.000,46878.000,,,
EarningsPerShareBasic,,,,,,,,,,,,,,,,,,,,,0.020,,
EarningsPerShareBasicAndDiluted,0.000,0.000,0.000,-0.010,,,,,,,-0.140,0.060,0.010,-0.040,-0.010,0.000,-0.004,-0.006,,-0.000,,,0.430
EarningsPerShareDiluted,,,,,,,,,,,,,,,,,,,,,0.010,,
EffectiveIncomeTaxRateContinuingOperations,,,,,,,,,,,,,,,,,,,0.500,,,,
FairValueAssumptionsExpectedDividendRate,,,,,,,,,,,0.000,,,,,,,,0.000,,,,0.000
FederalDepositInsuranceCorporationPremiumExpense,,,,,,,,,,,,,,,,,,,250000.000,,,,250000.000
GainLossOnContractTermination,,,0.000,,,,,,,,,,,,,,,,,,,,
GainsLossesOnExtinguishmentOfDebt,,,,,,,,,,,,,,,,0.000,,,,,,,
GrossProfit,21333.000,11504.000,-3453.000,15453.000,21504.000,3275.000,34763.000,31522.000,-21915.000,23210.000,90276.000,-67478.000,48425.000,-23070.000,132555.000,33976.000,63049.000,60920.000,63262.000,44046.000,61121.000,61008.000,84075.000
IncomeTaxesPaid,,,0.000,,,,,,,,,,,,0.000,,,,,,,,
IncreaseDecreaseInAccountsPayable,,,5954.000,,,,4223.000,,,,9561.000,,,,20807.000,,,,-13960.000,,,,32808.000
IncreaseDecreaseInAccountsReceivable,,,4934.000,,,,-27210.000,,,,-67293.000,,,,-16842.000,,,,26261.000,,,,85167.000
IncreaseDecreaseInAccruedLiabilities,,,122235.000,,,,102551.000,,,,66592.000,,,,176083.000,,,,41894.000,,,,145986.000
IncreaseDecreaseInDeferredRevenue,,,-32.000,,,,,,,,,,,,,,,,,,,,
IncreaseDecreaseInDueToRelatedParties,,,25141.000,,,,425.000,,,,-19525.000,,,,7165.000,,,,,,,,
IncreaseDecreaseInNotesPayableCurrent,,,,83763.000,,,,,,,175000.000,,,,,,,,,,,,
IncreaseDecreaseInOtherCurrentAssets,,,6651.000,,,,4289.000,,,,-2467.000,,,,893.000,,,,28123.000,,,,1677.000
IncreaseDecreaseInOtherOperatingAssets,,,200.000,,,,,,,,1820.000,,,,696.000,,,,,,,,-9332.000
InterestExpense,47299.000,35007.000,13972.000,29116.000,33853.000,15476.000,27910.000,15156.000,11245.000,-9288.000,15326.000,-944.000,37588.000,47516.000,61252.000,39997.000,64368.000,95930.000,100302.000,94838.000,92257.000,85348.000,82826.000
InterestIncomeOther,,,,,,,,,,,,,,,,,,,,16.000,,,
InterestPaid,,,0.000,,,,,,,,,,,,0.000,,,,17754.000,,,,
InvestmentIncomeInterest,0.000,-215.000,,,,,,,,,,,,,,,,,,,,,
LaborAndRelatedExpense,125065.000,108505.000,114259.000,510365.000,144222.000,102873.000,89711.000,89330.000,88243.000,85285.000,475600.000,140414.000,109732.000,120053.000,106449.000,144671.000,106341.000,432875.000,114201.000,110389.000,113379.000,170606.000,110830.000
LeaseAndRentalExpense,,,,,,,,,,,,,,,40300.000,18300.000,18300.000,20303.000,21180.000,19380.000,19380.000,19380.000,645.000
MarketingAndAdvertisingExpense,,,,,7283.000,,,,,,,,,,,,145373.000,,96594.000,25615.000,54409.000,1877.000,2438.000
NetCashProvidedByUsedInFinancingActivities,,,25923.000,,,,36304.000,,,,155475.000,,,,7165.000,,,,297152.000,,,,119000.000
NetCashProvidedByUsedInFinancingActivitiesContinuingOperations,,,25923.000,,,,36304.000,,,,155475.000,,,,7165.000,,,,297152.000,,,,119000.000
NetCashProvidedByUsedInInvestingActivities,,,,,,,,,,,,,,,0.000,,,,,,,,
NetCashProvidedByUsedInInvestingActivitiesContinuingOperations,,,,,,,,,,,,,,,0.000,,,,,,,,
NetCashProvidedByUsedInOperatingActivities,,,-32938.000,,,,-31225.000,,,,-97407.000,,,,17972.000,,,,-525027.000,,,,-136498.000
NetCashProvidedByUsedInOperatingActivitiesContinuingOperations,,,-32938.000,,,,-31225.000,,,,-97407.000,,,,17972.000,,,,-525027.000,,,,-136498.000
NetIncomeLoss,-288746.000,-185266.000,-136710.000,-613120.000,-145419.000,-219327.000,-130960.000,-147187.000,-148912.000,-1489846.000,-34566265.000,25299659.000,5239336.000,2793219.000,-75144.000,-951870.000,-1413327.000,-1995444.000,574959.000,-2813857.000,693222.000,-3216904.000,1943699.000
NetIncomeLossAttributableToNoncontrollingInterest,-14595.000,-5717.000,-9063.000,3182.000,-1288.000,42912.000,8537.000,-4445.000,-16736.000,-6955.000,19468.000,-2526.000,-6606.000,-20423.000,47346.000,2590.000,44862.000,-32031.000,-582.000,-3572.000,-4107.000,-26811.000,17393.000
NonoperatingIncomeExpense,-72092.000,-29406.000,-9147.000,-11423.000,-6022.000,-20533.000,-28567.000,-9876.000,26307.000,-1326063.000,-34043445.000,25726763.000,5435693.000,3052070.000,52407.000,-512323.000,-990832.000,-1145598.000,1006144.000,-2516457.000,1005095.000,-2890892.000,2122991.000
OperatingExpenses,252582.000,173081.000,133173.000,613968.000,160901.000,196188.000,137156.000,168833.000,153304.000,186993.000,613096.000,359626.000,244782.000,235781.000,260106.000,473523.000,440682.000,892861.000,495029.000,345018.000,377101.000,413831.000,245974.000
OperatingIncomeLoss,-231249.000,-161577.000,-136626.000,-598515.000,-139397.000,-192913.000,-102393.000,-137311.000,-175219.000,-163783.000,-522820.000,-427104.000,-196357.000,-258851.000,-127551.000,-439547.000,-377633.000,-831941.000,-431767.000,-300972.000,-315980.000,-352823.000,-161899.000
OtherAmortizationOfDeferredCharges,,,,,,,,,,,,,,,,,,,,,,,6708.000
OtherIncome,5313.000,5118.000,4981.000,16335.000,,,,146.000,,,45026.000,-922.000,-933.000,126886.000,0.000,0.000,,,,,,,
OtherNonoperatingIncomeExpense,881.000,475.000,0.000,-4049.000,4049.000,0.000,,,,,,,,,,,,,,,,,
OtherSellingGeneralAndAdministrativeExpense,119455.000,64501.000,48514.000,73853.000,9321.000,59575.000,47370.000,79428.000,64818.000,58228.000,85684.000,166673.000,126598.000,103944.000,93491.000,204776.000,168510.000,239563.000,254138.000,181221.000,157677.000,131485.000,128361.000
ProceedsFromBankDebt,,,782.000,,,,,,,,,,,,,,,,,,,,
ProceedsFromConvertibleDebt,,,,,,,,,,,,,,,50000.000,,,,307655.000,,,,60000.000
ProceedsFromIssuanceOfCommonStock,,,0.000,,,,,,,,,,,,,,,,,,,,
ProceedsFromNotesPayable,,,,,,,,,,,,,,,,,,,,,,,59000.000
ProceedsFromRepaymentsOfRelatedPartyDebt,,,,,,,,,,,,,,,,,,,-603.000,,,,
ProfitLoss,-303341.000,-190983.000,-145773.000,-609938.000,,,,,,,,,,,,,-1368465.000,,574377.000,-2817429.000,689115.000,-3243715.000,1961092.000
ProvisionForDoubtfulAccounts,7987.000,,-29675.000,29675.000,,,,,,,,,,,,,,,0.000,,19825.000,,0.000
RepaymentsOfNotesPayable,,,,,,,,,,,,,,,50000.000,,,,9900.000,,,,
ResearchAndDevelopmentExpense,,,,,,,,,,,,,,,,,,,5554.000,4600.000,4000.000,3860.000,3700.000
Revenues,60075.000,46473.000,29218.000,40876.000,46455.000,27030.000,87564.000,75567.000,11413.000,74945.000,187972.000,111526.000,157614.000,223789.000,192514.000,122431.000,269648.000,219801.000,178664.000,102824.000,95000.000,84214.000,127917.000
SalesRevenueGoodsNet,,,,,,,59940.000,61703.000,7095.000,53603.000,99177.000,97938.000,77312.000,41713.000,116349.000,73735.000,209996.000,198694.000,162267.000,54540.000,66662.000,26218.000,58517.000
SalesRevenueNet,54762.000,41355.000,24237.000,24541.000,46455.000,27030.000,87564.000,75421.000,11413.000,74945.000,142946.000,112448.000,158547.000,96903.000,192514.000,122431.000,269648.000,219801.000,178664.000,102824.000,95000.000,84214.000,127917.000
SalesRevenueServicesGross,,,,,,,27624.000,13718.000,4318.000,21342.000,43769.000,14510.000,81235.000,55190.000,76165.000,48696.000,59652.000,21107.000,16397.000,48284.000,28338.000,57996.000,69400.000
ShareBasedCompensation,,,,,,,,,,,,,,,,,,,0.000,,,,
StockIssuedDuringPeriodValueIssuedForServices,,,,,,,,,,,,,,,,,,,,,,,69864.000
StockIssuedDuringPeriodValueShareBasedCompensation,,,0.000,,,,,,,,,,,,,,,,,,,,
WeightedAverageNumberOfDilutedSharesOutstanding,74437198.000,75930909.000,,,,,,,,,,,,,,,,,,,75099896.000,,
WeightedAverageNumberOfShareOutstandingBasicAndDiluted,,,,,,,,,,,,,,,,,364915544.000,,521414340.000,19469255.000,,,4506194.000
WeightedAverageNumberOfSharesOutstandingBasic,,,,,,,,,,,,,,,,,,,,,32947178.000,,
