,2011-06-30,2011-09-30,2012-03-31,2012-09-30,2013-03-31,2013-06-30,2013-09-30,2013-12-31,2014-03-31,2014-06-30,2014-09-30,2014-12-31,2015-03-31,2015-06-30,2015-09-30,2015-12-31,2016-03-31,2016-06-30,2016-09-30,2016-12-31,2017-03-31
AdjustmentForAmortization,,,6300.000,,5953.000,,,,5800.000,,,,158944.000,,,,,,,,
AdjustmentsToAdditionalPaidInCapitalConvertibleDebtWithConversionFeature,,,,,,,,,,,,,-68125.000,,,,,,,,
AdjustmentsToAdditionalPaidInCapitalSharebasedCompensationRequisiteServicePeriodRecognitionValue,,,,,0.000,,,,0.000,,,,,,,,,,,,
AllocatedShareBasedCompensationExpense,,,,,0.000,,,,0.000,,,,,,,,,,,,
AmortizationOfAcquisitionCosts,,,,,,,,,5800.000,,,,,,,,,,,,
AmortizationOfDebtDiscountPremium,,,45759.000,,5397.000,,,,123363.000,,,,,,,,122213.000,,,,116937.000
AmortizationOfIntangibleAssets,,,88708.000,,96234.000,,,,,,,,,,,,,,,,
CashPeriodIncreaseDecrease,,,-503.000,,-31296.000,,,,2994.000,,,,10906.000,,,,-34540.000,,,,-19224.000
ConversionOfStockAmountIssued1,,,,,,,,,,,,,27600.000,,,,962.000,,,,
CostOfGoodsAndServicesSold,,,,,,,,,,,,,,,,,57827.000,89171.000,68486.000,19669.000,29783.000
CostOfGoodsSold,55707.000,,,,,,,,,,,,,,,,,,,,
CostOfServicesLicensesAndServices,45963.000,15551.000,12429.000,8929.000,1752.000,5444.000,1907.000,4090.000,2465.000,1728.000,,,,,,,,,,,
CostsAndExpenses,204604.000,253512.000,455326.000,255300.000,345907.000,234556.000,175085.000,963728.000,293627.000,339436.000,,,,,,,210919.000,229208.000,192910.000,156889.000,183957.000
CurrentIncomeTaxExpenseBenefit,,,,,,,,,,,,,,,,,1725.000,641.000,-84.000,0.000,
Depreciation,,,,,505.000,,,,300.000,,,,,,,,,,,,
DepreciationDepletionAndAmortization,241.000,206.000,46264.000,12970.000,5902.000,8557.000,8557.000,2012.000,129463.000,159236.000,228.000,-276498.000,,,,,,,,,
DepreciationExpense,,,506.000,,,,,,,,,,,,,,,,,,
DerivativeGainLossOnDerivativeNet,,,,,,,,,,,,,,-211769.000,145300.000,,,,,,
EarningsPerShareBasic,,0.000,,,,,,,,,,,,,,,,,,,
EarningsPerShareBasicAndDiluted,-0.000,40882968.000,-0.010,-0.000,-0.000,-0.000,-0.000,-0.040,-0.000,-0.000,0.000,-0.010,0.000,0.000,0.000,-0.010,0.000,0.000,0.000,-0.010,0.000
EarningsPerShareDiluted,,0.000,,,,,,,,,,,,,,,,,,,
FairValueNetDerivativeAssetLiabilityMeasuredOnRecurringBasisUnobservableInputsReconciliationGainLossIncludedInEarnings,,,,,,,,,,,,,,,,,,,,,448045.000
GainLossOnSaleOfDerivatives,,,,,,,,,,,,,8753.000,,,,-54979.000,,,,
GeneralAndAdministrativeExpense,100617.000,151175.000,296510.000,118239.000,231560.000,116142.000,88951.000,30112.000,138878.000,134017.000,120234.000,,150679.000,133861.000,129980.000,,,,,,
IncomeLossFromContinuingOperationsBeforeIncomeTaxesExtraordinaryItemsNoncontrollingInterest,-43806.000,29420.000,-360119.000,-157633.000,-315421.000,-211170.000,-169859.000,-2848942.000,-319120.000,-389315.000,-245143.000,-399887.000,-496601.000,-678749.000,-293923.000,-401004.000,-348837.000,-292235.000,-984951.000,-501114.000,58557.000
IncomeLossFromEquityMethodInvestments,,,,,,-24210.000,-24636.000,,,,,,,,,,,,,,
IncomeTaxExpenseBenefit,,,1237.000,,1276.000,,,,1267.000,,,,400.000,,,,,,,,
IncreaseDecreaseInAccountsPayable,,,26358.000,,-5619.000,,,,-3890.000,,,,-7342.000,,,,831.000,,,,-4609.000
IncreaseDecreaseInAccountsReceivable,,,29619.000,,-2472.000,,,,-2312.000,,,,-8002.000,,,,4534.000,,,,-1194.000
IncreaseDecreaseInAccruedInterestReceivableNet,,,,,,,,,,,,,-35908.000,,,,,,,,
IncreaseDecreaseInAccruedLiabilities,,,22899.000,,63025.000,,,,6510.000,,,,331.000,,,,1360.000,,,,4029.000
IncreaseDecreaseInAccruedTaxesPayable,,,,,,,,,,,,,,,,,,,,,35680.000
IncreaseDecreaseInDerivativeLiabilities,,,,,,,,,,,,,8753.000,,,,106092.000,,,,88307.000
IncreaseDecreaseInIntangibleAssetsCurrent,,,,,-107639.000,,,,,,,,,,,,,,,,
IncreaseDecreaseInInterestPayableNet,,,,,,,,,,,,,22014.000,,,,,,,,
IncreaseDecreaseInOtherCurrentAssets,,,-137286.000,,,,,,,,,,,,,,,,,,
IncreaseDecreaseInPrepaidDeferredExpenseAndOtherAssets,,,,,,,,,,,,,,,,,-576.000,,,,-295.000
IncreaseDecreaseInPrepaidExpense,,,2291.000,,792.000,,,,-788.000,,,,-3130.000,,,,,,,,
IncreaseDecreaseInPrepaidRoyalties,,,,,,,,,-294.000,,,,,,,,,,,,
InterestExpense,3620.000,20079.000,-8073.000,12751.000,21174.000,24210.000,24636.000,24848.000,40335.000,44279.000,245091.000,574106.000,217748.000,226697.000,225390.000,217612.000,214674.000,227372.000,215225.000,202374.000,209358.000
InterestExpenseDebt,,,,,18248.000,,,,84707.000,,,,,,,,,,,,
IssuanceOfStockAndWarrantsForServicesOrClaims,,,102000.000,,,,,,,,,,,,,,,,,,
NetCashProvidedByUsedInFinancingActivities,,,150000.000,,149270.000,,,,150000.000,,,,280000.000,,,,159780.000,,,,160000.000
NetCashProvidedByUsedInFinancingActivitiesContinuingOperations,,,150000.000,,149270.000,,,,150000.000,,,,280000.000,,,,159780.000,,,,160000.000
NetCashProvidedByUsedInInvestingActivities,,,-4500.000,,,,,,,,,,,,,,,,,,
NetCashProvidedByUsedInInvestingActivitiesContinuingOperations,,,-4500.000,,,,,,,,,,,,,,,,,,
NetCashProvidedByUsedInOperatingActivities,,,-146003.000,,-180566.000,,,,-147006.000,,,,-269094.000,,,,-194320.000,,,,-179224.000
NetCashProvidedByUsedInOperatingActivitiesContinuingOperations,,,-146003.000,,-180566.000,,,,-147006.000,,,,-269094.000,,,,-194320.000,,,,-179224.000
NetIncomeLoss,-43806.000,,-361356.000,-157633.000,-316697.000,-211170.000,-169859.000,-2848966.000,-320387.000,-389315.000,-245143.000,-400185.000,-497001.000,-678749.000,-293923.000,-401004.000,-350562.000,-292876.000,-984867.000,-501114.000,58557.000
OperatingCostsAndExpenses,,,,,,,,,,,159390.000,,278003.000,247906.000,221375.000,,,,,,
OperatingIncomeLoss,-40186.000,49499.000,-352046.000,-144882.000,-294247.000,-186960.000,-145223.000,-946942.000,-278785.000,-326334.000,-148884.000,63195.000,-270100.000,-240283.000,-213833.000,-152071.000,-189142.000,-204160.000,-176941.000,-80963.000,-180130.000
OtherExpenses,,,,,,,,,,,96259.000,,226501.000,438466.000,80090.000,,,,,,
OtherNonoperatingIncomeExpense,,,,,,,,,,,,,,,,,-159695.000,-88075.000,-808010.000,-420151.000,238687.000
PaymentsToAcquireProductiveAssets,,,4500.000,,,,,,,,,,,,,,,,,,
ProceedsFromConvertibleDebt,,,,,,,,,,,,,,,,,130000.000,,,,
ProceedsFromNotesPayable,,,,,,,,,,,,,,,,,29780.000,,,,
ProceedsFromRepaymentsOfNotesPayable,,,,,,,,,,,,,,,,,,,,,160000.000
ProfitLoss,,,,,-316697.000,,,,,,,,,,,,,,,,
ResearchAndDevelopmentExpense,,79932.000,94445.000,113412.000,102037.000,102836.000,75023.000,927149.000,21075.000,25392.000,38928.000,,127324.000,114045.000,91395.000,,,,,,
Revenues,164418.000,303011.000,103280.000,110418.000,51660.000,47596.000,29862.000,16786.000,14842.000,13102.000,10506.000,15227.000,7903.000,7623.000,7542.000,20900.000,21777.000,25048.000,15969.000,75926.000,3827.000
SalesRevenueNet,164418.000,303011.000,103280.000,110418.000,51660.000,47596.000,29862.000,16786.000,14842.000,13102.000,10506.000,15227.000,7903.000,7623.000,7542.000,20900.000,21777.000,25048.000,15969.000,75926.000,3827.000
SellingAndMarketingExpense,2076.000,6648.000,5678.000,1750.000,4656.000,1577.000,647.000,365.000,1746.000,19063.000,,,,,,,,,,,
SellingGeneralAndAdministrativeExpense,,,,,,,,,,,,,,,,,153092.000,140037.000,124424.000,137220.000,154174.000
ShareBasedCompensationArrangementByShareBasedPaymentAwardFairValueAssumptionsExpectedDividendRate,,,,,0.000,,,,,,,,,,,,,,,,
ShareBasedCompensationArrangementByShareBasedPaymentAwardFairValueAssumptionsExpectedVolatilityRate,,,,,3.217,,,,,,,,,,,,,,,,
ShareBasedCompensationArrangementByShareBasedPaymentAwardFairValueAssumptionsRiskFreeInterestRate,,,,,0.018,,,,,,,,,,,,,,,,
ShareBasedCompensationArrangementByShareBasedPaymentAwardOptionsGrantsInPeriod,,,,,0.000,,,,,,,,,,,,,,,,
UnrealizedGainLossOnDerivatives,,,,,,,,,,,,,,,,,54979.000,139297.000,-592785.000,-217777.000,448045.000
WeightedAverageNumberOfDilutedSharesOutstanding,,,,,,,,,,,,,,,,,,,,,2000000000.000
WeightedAverageNumberOfShareOutstandingBasicAndDiluted,,,,,,,,,99938817.000,99938817.000,99938817.000,-183767337.000,191529335.000,229781350.000,254371626.000,-436919564.000,284894068.000,297305853.000,375917459.000,-576923373.000,
WeightedAverageNumberOfSharesOutstandingBasic,,,,,,,,,,,,,,,,,,,,,703135385.000
