,2014-03-31,2014-06-30,2014-09-30,2014-12-31,2015-03-31,2015-06-30,2015-09-30,2015-12-31,2016-03-31,2016-06-30,2016-09-30,2016-12-31,2017-03-31
AllocatedShareBasedCompensationExpense,,,,,0.000,0.000,0.000,,,,,,
AntidilutiveSecuritiesExcludedFromComputationOfEarningsPerShareAmount,1618108.000,,,,2931033.000,,,,3530682.000,,2686374.000,,2661741.000
BusinessCombinationContingentConsiderationArrangementsChangeInAmountOfContingentConsiderationLiability1,,,,,,,,,,,,,1500000.000
CashAndCashEquivalentsPeriodIncreaseDecrease,46022000.000,,,,-8510000.000,,,,-22660000.000,,,,-5074000.000
DepreciationAndAmortization,101000.000,,,,96000.000,,,,54000.000,,,,82000.000
EarningsPerShareBasic,,,,,,,,,,,0.950,,
EarningsPerShareBasicAndDiluted,-0.800,-0.510,-0.660,-0.400,-0.360,-0.360,-0.500,-0.540,-0.390,-0.330,,,-0.250
EarningsPerShareDiluted,,,,,,,,,,,0.910,,
FairValueAdjustmentOfWarrants,-50000.000,,,,-1304000.000,,,,-115000.000,,,,-3000.000
FairValueAssumptionsExpectedDividendRate,,,,,,,,,0.000,,,,0.000
FairValueAssumptionsExpectedVolatilityRate,,,,,,,,,0.776,,,,0.814
FairValueAssumptionsRiskFreeInterestRate,,,,,,,,,0.007,,,,0.009
GainLossOnSaleOfPropertyPlantEquipment,,,,,,,,,,,,,76000.000
GainsLossesOnExtinguishmentOfDebt,,,,,,,,,-915000.000,0.000,0.000,694000.000,0.000
GeneralAndAdministrativeExpense,1938000.000,2052000.000,2269000.000,2212000.000,2603000.000,2247000.000,2681000.000,2319000.000,2147000.000,3471000.000,6366000.000,2752000.000,2213000.000
IncreaseDecreaseInAccountsPayable,1885000.000,,,,-415000.000,,,,342000.000,,,,-453000.000
IncreaseDecreaseInAccruedLiabilities,-215000.000,,,,,,,,,,,,
IncreaseDecreaseInAccruedLiabilitiesAndOtherOperatingLiabilities,,,,,-598000.000,,,,-1645000.000,,,,123000.000
IncreaseDecreaseInDeferredRevenue,-113000.000,,,,-244000.000,,,,-203000.000,,,,-425000.000
IncreaseDecreaseInDueToRelatedParties,,,,,,,,,,,,,1000.000
IncreaseDecreaseInPrepaidDeferredExpenseAndOtherAssets,64000.000,,,,155000.000,,,,162000.000,,,,127000.000
IncreaseDecreaseInRestrictedCashForOperatingActivities,,,,,,,,,80000.000,,,,0.000
InterestIncomeExpenseNonoperatingNet,-84000.000,-79000.000,-74000.000,-139000.000,-235000.000,-330000.000,-407000.000,-423000.000,-247000.000,0.000,0.000,0.000,0.000
InterestPaid,64000.000,,,,175000.000,,,,663000.000,,,,0.000
LicensesRevenue,,,,,,,,,,,,,425000.000
NetCashProvidedByUsedInFinancingActivities,51106000.000,,,,,,,,-14110000.000,,,,45000.000
NetCashProvidedByUsedInFinancingActivitiesContinuingOperations,51106000.000,,,,,,,,-14110000.000,,,,45000.000
NetCashProvidedByUsedInInvestingActivities,-50000.000,,,,-32000.000,,,,0.000,,,,76000.000
NetCashProvidedByUsedInInvestingActivitiesContinuingOperations,-50000.000,,,,-32000.000,,,,0.000,,,,76000.000
NetCashProvidedByUsedInOperatingActivities,-5034000.000,,,,-8478000.000,,,,-8550000.000,,,,-5195000.000
NetCashProvidedByUsedInOperatingActivitiesContinuingOperations,-5034000.000,,,,-8478000.000,,,,-8550000.000,,,,-5195000.000
NetIncomeLoss,-7222000.000,-8121000.000,-10674000.000,-8139000.000,-6524000.000,-6906000.000,-9693000.000,-10329000.000,-7574000.000,-6491000.000,19487000.000,-3531000.000,-6061000.000
NetIncomeLossAvailableToCommonStockholdersBasic,-7741000.000,-8121000.000,-10674000.000,-8139000.000,-6524000.000,-6906000.000,-9693000.000,-10329000.000,,,,,
NonoperatingIncomeExpense,-33000.000,-76000.000,-72000.000,-1044000.000,1073000.000,1496000.000,-334000.000,-491000.000,-1024000.000,1000.000,-43000.000,96000.000,101000.000
OperatingExpenses,7757000.000,8806000.000,11141000.000,7470000.000,7841000.000,8516000.000,9426000.000,10403000.000,6779000.000,6769000.000,9120000.000,4447000.000,6587000.000
OperatingIncomeLoss,-7189000.000,-8045000.000,-10602000.000,-7095000.000,-7597000.000,-8402000.000,-9359000.000,-9838000.000,-6550000.000,-6492000.000,19530000.000,-3622000.000,-6162000.000
OtherNonoperatingIncomeExpense,51000.000,3000.000,2000.000,-905000.000,1308000.000,1826000.000,73000.000,-68000.000,138000.000,1000.000,-43000.000,-819000.000,101000.000
PaidInKindInterest,8000.000,,,,2000.000,,,,26000.000,,,,0.000
PaymentsForRestructuring,,,,,,,,,,,1410889000.000,,
PaymentsToAcquirePropertyPlantAndEquipment,50000.000,,,,32000.000,,,,0.000,,,,
PreferredStockDividendsAndOtherAdjustments,519000.000,,,,,0.000,0.000,,,,,,
ProceedsFromCollaborators,1750000.000,,,,1750000.000,,,,1750000.000,,,,
ProceedsFromIssuanceInitialPublicOffering,51507000.000,,,,,,,,,,,,
ProceedsFromIssuanceOfCommonStock,,,,,-46000.000,,,,0.000,,,,
ProceedsFromRoyaltiesReceived,,,,,0.000,0.000,,,0.000,,,,
ProceedsFromSaleOfPropertyPlantAndEquipment,,,,,,,,,,,,,76000.000
ProceedsFromStockOptionsExercised,15000.000,,,,46000.000,,,,14000.000,,,,40000.000
ProceedsFromStockPlans,,,,,,,,,,,,,5000.000
RepaymentsOfNotesPayable,416000.000,,,,,,,,14124000.000,,,,0.000
ResearchAndDevelopmentExpense,5819000.000,6754000.000,8872000.000,5258000.000,5238000.000,6269000.000,6745000.000,8084000.000,4632000.000,3298000.000,2754000.000,2795000.000,2874000.000
RestructuringCharges,,,,,,,,,,600000.000,1300000.000,,
RestructuringReservePeriodIncreaseDecrease,,,,,,,,,,,1338072000.000,,
Revenues,568000.000,761000.000,539000.000,375000.000,244000.000,114000.000,67000.000,65000.000,229000.000,277000.000,28650000.000,-28750000.000,0.000
SalesRevenueNet,568000.000,761000.000,539000.000,375000.000,244000.000,114000.000,67000.000,65000.000,229000.000,277000.000,28650000.000,-28750000.000,425000.000
ShareBasedCompensation,636000.000,501000.000,808000.000,487000.000,664000.000,602000.000,629000.000,634000.000,586000.000,621000.000,2144000.000,662000.000,244000.000
ShareBasedCompensationArrangementByShareBasedPaymentAwardOptionsExercisesInPeriodTotalIntrinsicValue,120000.000,,,,584000.000,,,,,,,,
ShareBasedCompensationArrangementByShareBasedPaymentAwardOptionsForfeituresInPeriod,4724.000,,,,17555.000,,,,181436.000,,,,166887.000
ShareBasedCompensationArrangementByShareBasedPaymentAwardOptionsGrantsInPeriodGross,80715.000,,,,566556.000,,,,916776.000,,,,0.000
ShareBasedCompensationArrangementsByShareBasedPaymentAwardOptionsExercisesInPeriodWeightedAverageExercisePrice,0.060,,,,0.820,,,,0.060,,,,0.280
ShareBasedCompensationArrangementsByShareBasedPaymentAwardOptionsForfeituresInPeriodWeightedAverageExercisePrice,7.370,,,,6.830,,,,2.850,,,,9.850
ShareBasedCompensationArrangementsByShareBasedPaymentAwardOptionsGrantsInPeriodWeightedAverageExercisePrice,16.850,,,,10.780,,,,0.280,,,,0.000
SharebasedCompensationArrangementBySharebasedPaymentAwardOptionsVestedInPeriodFairValue1,186000.000,,,,215000.000,,,,,,,,
StockIssuedDuringPeriodSharesStockOptionsExercised,7874.000,,,,54371.000,,,,118110.000,,,,140400.000
WeightedAverageNumberDilutedSharesOutstandingAdjustment,,,,,,,,,,,928404.000,,
WeightedAverageNumberOfDilutedSharesOutstanding,,,,,,,,,,,21423000.000,,
WeightedAverageNumberOfShareOutstandingBasicAndDiluted,9635000.000,16055000.000,16098000.000,-27144000.000,17971000.000,19087000.000,19345000.000,-37410000.000,19639000.000,19874000.000,,,24610000.000
WeightedAverageNumberOfSharesOutstandingBasic,,,,,,,,,,,20495000.000,,
WriteOffOfDeferredDebtIssuanceCost,,,,,,,,,221000.000,,,,0.000
