,2011-06-30,2011-09-30,2012-06-30,2012-09-30,2013-03-31,2013-06-30,2013-09-30,2013-12-31,2014-03-31,2014-06-30,2014-09-30
AdjustmentsToAdditionalPaidInCapitalStockIssuedIssuanceCosts,,,,,59370000.000,,,,19000.000,,
AllocatedShareBasedCompensationExpense,,,,,,,,,,97000.000,
AmortizationOfDebtDiscountPremium,,,,,-179000.000,,,,-264000.000,,
AmortizationOfFinancingCosts,,,,,617000.000,,,,1561000.000,,
AmortizationOfIntangibleAssets,,,,,3328000.000,,,,11798000.000,,
AntidilutiveSecuritiesExcludedFromComputationOfEarningsPerShareAmount,,,,,149156.000,,,,1377364.000,,
AssetManagementCosts,,,383000.000,371000.000,0.000,0.000,0.000,0.000,,2352000.000,2711000.000
AvailableForSaleSecuritiesGrossRealizedGainLossNet,,,,,,,,,,335000.000,-464000.000
AvailableForSaleSecuritiesGrossRealizedGains,,,,,,,,,,,37000.000
AvailableForSaleSecuritiesGrossUnrealizedGains,,,,,,,,,343000.000,,
AvailableForSaleSecuritiesGrossUnrealizedLoss,,,,,,,,,1626000.000,,
BusinessAcquisitionsProFormaNetIncomeLoss,,,,,-877000.000,,,,-3414000.000,,
BusinessAcquisitionsProFormaRevenue,,,,,19502000.000,,,,60072000.000,,
BusinessCombinationAcquisitionRelatedCosts,160000.000,1149000.000,2822000.000,1787000.000,2038000.000,2713000.000,3107000.000,5748000.000,3422000.000,22456000.000,10266000.000
BusinessCombinationProvisionalInformationInitialAccountingIncompleteAdjustmentConsiderationTransferred,,,,,,,,,122200000.000,,
CashPeriodIncreaseDecrease,,,,,411062000.000,,,,39481000.000,,
CommonStockDividendsPerShareDeclared,,,,,,,,,0.680,,
ComprehensiveIncomeNetOfTax,,,-3768000.000,-2206000.000,-3561000.000,-3945000.000,-7431000.000,-9893000.000,-5389000.000,-96679000.000,-11353000.000
Depreciation,,,,,8366000.000,,,,17145000.000,,
DepreciationAndAmortization,,105000.000,3905000.000,5629000.000,11694000.000,12714000.000,17140000.000,25908000.000,28943000.000,31713000.000,32606000.000
DirectCostsOfLeasedAndRentedPropertyOrEquipment,,85000.000,1130000.000,1586000.000,5192000.000,7444000.000,13940000.000,20089000.000,23479000.000,26238000.000,31315000.000
Dividends,,,,,12982000.000,,,,30450000.000,,
EarningsPerShareBasicAndDiluted,-1.200,-0.740,-0.190,-0.070,-0.050,-0.020,-0.030,-0.050,-0.040,-0.560,-0.070
FairValueMeasurementWithUnobservableInputsReconciliationRecurringBasisAssetTransfersNet,,,,,,,,,0.000,,
GainLossOnDerivativeInstrumentsNetPretax,,,,,,,,,,-58150000.000,1750000.000
GainLossOnSaleOfSecuritiesNet,,,,,,,,,,335000.000,-464000.000
GeneralAndAdministrativeExpense,126000.000,89000.000,204000.000,235000.000,249000.000,1250000.000,1429000.000,1685000.000,1928000.000,2674000.000,3175000.000
GrossProfit,,,,,13486000.000,16493000.000,20207000.000,28502000.000,32510000.000,38531000.000,42294000.000
HealthCareOrganizationResidentServiceRevenue,,,,,502000.000,578000.000,2003000.000,3368000.000,4288000.000,4918000.000,5741000.000
IncomeTaxesPaid,,,,,27000.000,,,,386000.000,,
IncreaseDecreaseInAccountsPayableAndAccruedLiabilities,,,,,1307000.000,,,,1221000.000,,
IncreaseDecreaseInOtherOperatingLiabilities,,,,,265000.000,,,,2318000.000,,
IncreaseDecreaseInPrepaidDeferredExpenseAndOtherAssets,,,,,451000.000,,,,3997000.000,,
InterestExpense,3000.000,126000.000,1886000.000,2642000.000,3089000.000,3315000.000,4350000.000,5089000.000,5543000.000,7108000.000,7942000.000
InterestPaid,,,,,2669000.000,,,,4061000.000,,
InvestmentIncomeNet,,,,,,244000.000,317000.000,,299000.000,495000.000,320000.000
MinorityInterestDecreaseFromDistributionsToNoncontrollingInterestHolders,,,,,-86000.000,,,,85000.000,,
MinorityInterestDecreaseFromRedemptions,,,,,,,,,2000000.000,,
NetCashProvidedByUsedInFinancingActivities,,,,,452268000.000,,,,212402000.000,,
NetCashProvidedByUsedInFinancingActivitiesContinuingOperations,,,,,452268000.000,,,,212402000.000,,
NetCashProvidedByUsedInInvestingActivities,,,,,-51261000.000,,,,-195834000.000,,
NetCashProvidedByUsedInInvestingActivitiesContinuingOperations,,,,,-51261000.000,,,,-195834000.000,,
NetCashProvidedByUsedInOperatingActivities,,,,,10055000.000,,,,22913000.000,,
NetCashProvidedByUsedInOperatingActivitiesContinuingOperations,,,,,10055000.000,,,,22913000.000,,
NetIncomeLoss,-277000.000,-1118000.000,-3456000.000,-2061000.000,-3606000.000,-3258000.000,-5475000.000,-9891000.000,-7035000.000,-97289000.000,-12121000.000
NetIncomeLossAttributableToNoncontrollingInterest,,,9000.000,10000.000,22000.000,14000.000,10000.000,12000.000,9000.000,-817000.000,-679000.000
NonoperatingIncomeExpense,,,-1878000.000,-2637000.000,-3089000.000,-3060000.000,-3996000.000,-5040000.000,-5243000.000,-6278000.000,-8086000.000
OperatingExpenses,286000.000,1428000.000,8444000.000,9608000.000,19173000.000,24121000.000,35616000.000,53430000.000,57772000.000,156597000.000,78323000.000
OperatingIncomeLoss,-274000.000,-992000.000,-1569000.000,586000.000,-495000.000,-184000.000,-1469000.000,-4839000.000,-1783000.000,-91828000.000,-4714000.000
OperatingLeasesIncomeStatementLeaseRevenue,12000.000,356000.000,5822000.000,8722000.000,15987000.000,20885000.000,29285000.000,41597000.000,47517000.000,55584000.000,63311000.000
OtherComprehensiveIncomeLossDerivativesQualifyingAsHedgesNetOfTax,,,-312000.000,-145000.000,45000.000,298000.000,-77000.000,44000.000,19000.000,-26000.000,107000.000
OtherComprehensiveIncomeLossNetOfTax,,,,,,,,,1646000.000,,
OtherNonoperatingIncome,,,8000.000,5000.000,0.000,11000.000,37000.000,41000.000,1000.000,,
PaymentsForCapitalImprovements,,,,,51000.000,,,,744000.000,,
PaymentsForDepositsOnRealEstateAcquisitions,,,,,3223000.000,,,,2000000.000,,
PaymentsForRepurchaseOfCommonStock,,,,,521000.000,,,,668000.000,,
PaymentsOfDividends,,,,,5494000.000,,,,13822000.000,,
PaymentsOfFinancingCosts,,,,,384000.000,,,,1744000.000,,
PaymentsOfStockIssuanceCosts,,,,,55863000.000,,,,19000.000,,
PaymentsToAcquireRealEstate,,,,,47987000.000,,,,193090000.000,,
PaymentsToMinorityShareholders,,,,,,,,,2000000.000,,
ProceedsFromContributionsFromAffiliates,,,,,-80000.000,,,,0.000,,
ProceedsFromIssuanceOfCommonStock,,,,,543403000.000,,,,0.000,,
ProceedsFromLinesOfCredit,,,,,,,,,231500000.000,,
ProceedsFromRepaymentsOfRestrictedCashFinancingActivities,,,,,-182000.000,,,,-460000.000,,
ProceedsFromSaleOfAvailableForSaleSecuritiesEquity,,,,,,,,,,,1500000.000
ProfitLoss,,,-3447000.000,-2051000.000,-3584000.000,-3244000.000,-5465000.000,-9879000.000,-7026000.000,-98106000.000,-12800000.000
ProvisionForDoubtfulAccounts,,,,,295000.000,,,,52000.000,,
RepaymentsOfLinesOfCredit,,,,,26000000.000,,,,0.000,,
RepaymentsOfNotesPayable,,,,,2500000.000,,,,0.000,,
RepaymentsOfSecuredDebt,,,,,25000.000,,,,300000.000,,
Revenues,,436000.000,6875000.000,10194000.000,18678000.000,23937000.000,34147000.000,48591000.000,55989000.000,64769000.000,73609000.000
SalesRevenueNet,,436000.000,6875000.000,10194000.000,18678000.000,23937000.000,34147000.000,48591000.000,55989000.000,64769000.000,73609000.000
ShareBasedCompensation,,,,,24000.000,,,,10000.000,,
StockIssuedDuringPeriodValueDividendReinvestmentPlan,,,,,4847000.000,,,,16533000.000,,
StockIssuedDuringPeriodValueNewIssues,,,,,581432000.000,,,,,,
StockIssuedDuringPeriodValueShareBasedCompensation,,,,,24000.000,,,,10000.000,,
StockRepurchasedDuringPeriodValue,,,,,600000.000,,,,685000.000,,
TenantReimbursements,,80000.000,1053000.000,1472000.000,2189000.000,2474000.000,2859000.000,3626000.000,4184000.000,4267000.000,4557000.000
UnrealizedGainLossOnInvestments,,,,,,-985000.000,-1879000.000,,1627000.000,636000.000,661000.000
WeightedAverageNumberOfShareOutstandingBasicAndDiluted,,,18017661.000,28039573.000,77029025.000,170124871.000,178231121.000,-273701466.000,181621246.000,175129424.000,169090342.000
