,2011-06-30,2011-09-30,2012-03-31,2012-06-30,2012-09-30,2012-12-31,2013-03-31,2013-06-30,2013-09-30,2013-12-31,2014-03-31,2014-06-30,2014-09-30
AcquisitionCosts,0.000,,,,,,,,,,,,
AllocatedShareBasedCompensationExpense,,,,400000.000,,,,,,,,,
AmortizationOfFinancingCosts,,,266000.000,,,,,,,,,,
AssetManagementCosts,0.000,0.000,,,,,,,,,,,
AssetRetirementObligationAccretionExpense,290000.000,308000.000,843000.000,887000.000,915000.000,3003000.000,1732000.000,1758000.000,1921000.000,2045000.000,2134000.000,2179000.000,2221000.000
AssetRetirementObligationLiabilitiesIncurred,,,,,,,,,,,113000.000,,
AssetRetirementObligationLiabilitiesSettled,,,,,,,820000.000,,,,404000.000,,
AssetRetirementObligationRevisionOfEstimate,,,,,,,,,,,334000.000,,
AvailableForSaleSecuritiesGrossRealizedGainsLossesSaleProceeds,,,,,,,,,4600000.000,,600000.000,,
AvailableForSaleSecuritiesGrossRealizedLosses,,,,,,,,,100000.000,,100000.000,,
BusinessCombinationAcquisitionRelatedCosts,,0.000,,920000.000,278000.000,,561000.000,59000.000,435000.000,432000.000,3655000.000,651000.000,4136000.000
BusinessCombinationBargainPurchaseGainRecognizedAmount,0.000,0.000,,,,,,,,,,,
CapitalExpendituresIncurredButNotYetPaid,,,,,,,889000.000,,,,3214000.000,,
CashAndCashEquivalentsPeriodIncreaseDecrease,,,3887000.000,,,,,,,,,,
CashPeriodIncreaseDecrease,,,,,,,-16256000.000,,,,9900000.000,,
ComprehensiveIncomeNetOfTax,,,,,,,,,-21619000.000,,-14601000.000,-51195000.000,101868000.000
ComprehensiveIncomeNetOfTaxAttributableToNoncontrollingInterest,,,,,,,,,-301000.000,,-220000.000,-563000.000,212000.000
ComprehensiveIncomeNetOfTaxIncludingPortionAttributableToNoncontrollingInterest,,,,,,,,,-21318000.000,,-14381000.000,-50632000.000,102080000.000
DeferredIncomeTaxExpenseBenefit,,,-31000.000,,,,,,,,,,
DepreciationDepletionAndAmortization,8636000.000,7832000.000,19590000.000,20540000.000,21298000.000,44368000.000,30815000.000,26663000.000,28018000.000,29688000.000,29836000.000,30756000.000,32611000.000
DerivativeInstrumentsNotDesignatedAsHedgingInstrumentsGainLossNet,,,,,,,,,,,-23648000.000,-67567000.000,71024000.000
FairValueMeasurementWithUnobservableInputsReconciliationRecurringBasisLiabilityGainLossIncludedInOtherComprehensiveIncome,,,,,,,,,,,5240000.000,,
FairValueMeasurementWithUnobservableInputsReconciliationRecurringBasisLiabilityPeriodIncreaseDecrease,,,,,,,,,,,141777000.000,,
FairValueNetDerivativeAssetLiabilityMeasuredOnRecurringBasisUnobservableInputsReconciliationGainLossIncludedInEarnings,,,,,,,,,,,5240000.000,,
GainLossOnDerivativeInstrumentsNetPretax,-42161000.000,,,98875000.000,-45382000.000,,-16124000.000,50329000.000,-48619000.000,13197000.000,,-65757000.000,70231000.000
GainLossOnOilAndGasHedgingActivity,,3581000.000,8071000.000,,,,,,,,,,
GasGatheringTransportationMarketingAndProcessingRevenue,274000.000,217000.000,458000.000,375000.000,410000.000,2566000.000,718000.000,792000.000,3529000.000,3789000.000,4476000.000,4667000.000,4786000.000
GeneralAndAdministrativeExpense,3344000.000,4092000.000,8430000.000,8771000.000,9232000.000,15842000.000,10096000.000,10098000.000,11204000.000,10503000.000,10155000.000,9461000.000,10203000.000
IncomeLossFromContinuingOperationsBeforeIncomeTaxesExtraordinaryItemsNoncontrollingInterest,16166000.000,52205000.000,-7266000.000,99855000.000,-45178000.000,32868000.000,-8125000.000,63616000.000,-21455000.000,27239000.000,-14301000.000,-50643000.000,102740000.000
IncomeLossFromEquityMethodInvestments,0.000,0.000,,,,,,,,,,,
IncomeTaxExpenseBenefit,235000.000,275000.000,-31000.000,730000.000,-171000.000,0.000,49000.000,2000.000,42000.000,-446000.000,95000.000,257000.000,274000.000
IncreaseDecreaseInFairValueOfUnhedgedDerivativeInstruments,,53172000.000,-21769000.000,,,,,,,,,,
IncreaseDecreaseInOperatingAssets,,,-4094000.000,,,,14997000.000,,,,342000.000,,
IncreaseDecreaseInOperatingLiabilities,,,5073000.000,,,,-2169000.000,,,,-7063000.000,,
InterestExpense,,10097000.000,,9393000.000,11533000.000,,11053000.000,10270000.000,14624000.000,12053000.000,12220000.000,14449000.000,11749000.000
InterestPaid,,,,,,,18091000.000,,,,19292000.000,,
NetCashProvidedByUsedInFinancingActivities,,,-9045000.000,,,,-33948000.000,,,,26154000.000,,
NetCashProvidedByUsedInFinancingActivitiesContinuingOperations,,,-9045000.000,,,,-33948000.000,,,,26154000.000,,
NetCashProvidedByUsedInInvestingActivities,,,-38410000.000,,,,-16230000.000,,,,-58424000.000,,
NetCashProvidedByUsedInInvestingActivitiesContinuingOperations,,,-38410000.000,,,,-16230000.000,,,,-58424000.000,,
NetCashProvidedByUsedInOperatingActivities,,,51342000.000,,,,33922000.000,,,,42170000.000,,
NetCashProvidedByUsedInOperatingActivitiesContinuingOperations,,,51342000.000,,,,33922000.000,,,,42170000.000,,
NetIncomeLoss,15931000.000,51930000.000,,,,,,,-21719000.000,,-14610000.000,-51354000.000,102097000.000
NetIncomeLossAllocatedToGeneralPartners,16000.000,52000.000,,,,,,,,,,,
NetIncomeLossAllocatedToLimitedPartners,15915000.000,51878000.000,,,,,,,,,,,
NetIncomeLossAttributableToNoncontrollingInterest,0.000,0.000,,,,,,,-222000.000,,-214000.000,454000.000,369000.000
NonoperatingIncomeExpense,5560000.000,46656000.000,-21170000.000,94511000.000,-53743000.000,-9660000.000,-27059000.000,39253000.000,-58628000.000,-1194000.000,-40525000.000,-86797000.000,77616000.000
OilAndGasProductionExpense,8777000.000,10927000.000,23020000.000,25747000.000,24681000.000,70490000.000,42748000.000,42489000.000,44431000.000,44433000.000,46625000.000,50391000.000,51951000.000
OilAndGasSalesRevenue,31379000.000,28491000.000,65329000.000,61834000.000,64559000.000,176467000.000,104168000.000,104638000.000,122478000.000,115517000.000,118147000.000,128639000.000,125402000.000
OperatingExpenses,21047000.000,23159000.000,51883000.000,56865000.000,56404000.000,136505000.000,85952000.000,81067000.000,88834000.000,90873000.000,96399000.000,97152000.000,105064000.000
OperatingIncomeLoss,10606000.000,5549000.000,13904000.000,5344000.000,8565000.000,42528000.000,18934000.000,24363000.000,37173000.000,28433000.000,26224000.000,36154000.000,25124000.000
OtherComprehensiveIncomeDefinedBenefitPlansNetUnamortizedGainLossArisingDuringPeriodNetOfTax,,,,,,,,,,,-44000.000,-46000.000,-46000.000
OtherComprehensiveIncomeDefinedBenefitPlansNetUnamortizedGainLossArisingDuringPeriodTax,,,,,,,,,,,-24000.000,-23000.000,-22000.000
OtherComprehensiveIncomeLossAvailableForSaleSecuritiesAdjustmentBeforeReclassificationAdjustmentsNetOfTax,,,,,,,,,179000.000,,73000.000,318000.000,-451000.000
OtherComprehensiveIncomeLossAvailableForSaleSecuritiesAdjustmentNetOfTax,,,,,,,,,,,-14000.000,-4000.000,111000.000
OtherComprehensiveIncomeLossBeforeReclassificationsNetOfTax,,,,,,,,,,,73000.000,,
OtherComprehensiveIncomeLossNetOfTax,,,,,,,,,179000.000,,15000.000,268000.000,-386000.000
OtherComprehensiveIncomeLossReclassificationAdjustmentFromAOCIForSaleOfSecuritiesNetOfTax,,,,,,,,,,,-14000.000,4000.000,-111000.000
OtherComprehensiveIncomeUnrealizedHoldingGainLossOnSecuritiesArisingDuringPeriodNetOfTax,,,,,,,,,,,73000.000,318000.000,-451000.000
OtherComprehensiveIncomeUnrealizedHoldingGainLossOnSecuritiesArisingDuringPeriodTax,,,,,,,,,,,122000.000,163000.000,-175000.000
OtherNoncashIncomeExpense,,,,,,,-1400000.000,,,,-1643000.000,,
OtherNonoperatingExpense,0.000,,,,,,,,,,,,
OtherNonoperatingIncomeExpense,,0.000,,,,,,,1373000.000,,100000.000,141000.000,279000.000
PartnersCapitalAccountDistributions,,,,,,,,,,,35412000.000,,
PartnersCapitalAccountPeriodIncreaseDecrease,,,,,,,,,,,141777000.000,,
PartnersCapitalAccountUnitBasedCompensation,,,420000.000,,,,1026000.000,,,,1743000.000,,
PartnersCapitalOther,,,,,,,104000.000,,,,,,
PaymentsForProceedsFromOtherInvestingActivities,,,11500000.000,,,,,,,,,,
PaymentsOfFinancingCosts,,,0.000,,,,1848000.000,,,,,,
PaymentsToAcquireAvailableForSaleSecurities,,,,,,,,,,,189000.000,,
PaymentsToAcquireBusinessesNetOfCashAcquired,,,,,,,,,,,29016000.000,,
PaymentsToAcquireOilAndGasProperty,,,,,,,-2277000.000,,,,,,
PaymentsToExploreAndDevelopOilAndGasProperties,,,26910000.000,,,,18507000.000,,,,29833000.000,,
ProceedsFromIssuanceOfPrivatePlacement,,,,,,,80000.000,,,,,,
ProceedsFromIssuanceOfSecuredDebt,,,11500000.000,,,,,,,,,,
ProceedsFromLongTermLinesOfCredit,,,,,,,,,,,63000000.000,,
ProceedsFromPartnershipContribution,,,0.000,,,,,,,,,,
ProceedsFromPaymentsForOtherFinancingActivities,,,,,,,104000.000,,,,-1424000.000,,
ProceedsFromSaleOfAvailableForSaleSecurities,,,,,,,,,,,614000.000,,
ProfitLoss,15931000.000,51930000.000,-7235000.000,99125000.000,-45007000.000,32868000.000,-8174000.000,63614000.000,-21497000.000,27685000.000,-14396000.000,-50900000.000,102466000.000
ReclassificationFromAccumulatedOtherComprehensiveIncomeCurrentPeriodBeforeTax,,,,,,,,,,,-58000.000,,
RelatedPartyTransactionExpensesFromTransactionsWithRelatedParty,,,,,,,-65202000.000,,,,-81180000.000,,
RelatedPartyTransactionOtherRevenuesFromTransactionsWithRelatedParty,,,,,,,89325000.000,,,,111480000.000,,
Revenues,31653000.000,28708000.000,65787000.000,62209000.000,64969000.000,179033000.000,104886000.000,105430000.000,126007000.000,119306000.000,122623000.000,133306000.000,130188000.000
SalesRevenueNet,31653000.000,28708000.000,65787000.000,62209000.000,64969000.000,179033000.000,104886000.000,105430000.000,126007000.000,119306000.000,122623000.000,133306000.000,130188000.000
ShareBasedCompensation,,,420000.000,,,,1026000.000,,,,1743000.000,,
ShareBasedCompensationArrangementByShareBasedPaymentAwardNumberOfAdditionalSharesAuthorized,,,,,,,,,,,3000000.000,,
UnrealizedGainLossOnDerivatives,,,-21355000.000,,,,-24289000.000,,,,,,
UnrealizedGainLossOnDerivativesAndCommodityContracts,55575000.000,,,,,,,,,,,,
