,2011-06-30,2011-09-30,2012-03-31,2012-09-30,2013-03-31,2013-06-30,2013-09-30,2013-12-31,2014-03-31,2014-06-30,2014-09-30,2014-12-31,2015-03-31,2015-06-30,2015-09-30,2015-12-31,2016-03-31,2016-06-30,2016-09-30
AllocatedShareBasedCompensationExpense,,,9330.000,9330.000,9330.000,9330.000,9330.000,9331.000,0.000,0.000,0.000,0.000,,,,,,,
AllowanceForLoanAndLeaseLossRecoveryOfBadDebts,,,,,,,,,,,,,,,,,0.000,,0.000
AntidilutiveSecuritiesExcludedFromComputationOfEarningsPerShareAmount,,,,,,,,,,1650000.000,1650000.000,,,,,,,,
CashAndCashEquivalentsPeriodIncreaseDecrease,,,-37313.000,,-44932.000,,,,74185.000,,,,158047.000,,,,-186456.000,,
ComprehensiveIncomeNetOfTax,,,-258859.000,-51811.000,-200821.000,-209253.000,-68603.000,86505.000,-182287.000,-121569.000,42316.000,156743.000,188568.000,-218621.000,174882.000,-348670.000,-561250.000,-356717.000,-269756.000
CostsAndExpenses,643865.000,597532.000,815290.000,594363.000,704312.000,595894.000,637356.000,642019.000,637373.000,614494.000,560251.000,548247.000,571097.000,584074.000,580268.000,679618.000,665372.000,472933.000,520652.000
Depreciation,,,,,,,,,3672.000,3787.000,3787.000,3786.000,3650.000,3650.000,3650.000,3650.000,3632.000,636.000,614.000
DepreciationAndAmortization,,,397.000,536.000,3069.000,3403.000,3403.000,4879.000,3672.000,,,,3650.000,,,,3632.000,,
EarningsPerShareBasicAndDiluted,0.000,0.000,0.000,-0.000,-0.000,-0.000,-0.000,0.000,-0.000,-0.000,0.000,0.000,0.000,-0.000,0.000,0.000,-0.000,-0.000,-0.000
FairValueMeasurementWithUnobservableInputsReconciliationRecurringBasisLiabilityPeriodIncreaseDecrease,,,,,-17162.000,,,,-2969.000,,,,,,,,3557.000,,
GainLossOnDerivativeInstrumentsNetPretax,7165.000,-15046.000,5674.000,0.000,17162.000,0.000,4375.000,0.000,2969.000,0.000,,,0.000,0.000,3147.000,0.000,-3557.000,2028.000,0.000
GainLossRelatedToLitigationSettlement,50000.000,,,,,,,,,,,,,,,,,,
IncomeLossFromContinuingOperationsBeforeIncomeTaxesExtraordinaryItemsNoncontrollingInterest,,,,-77681.000,-194861.000,-203187.000,-68713.000,84772.000,-170787.000,-120299.000,46702.000,160621.000,196528.000,-214852.000,182628.000,-338822.000,-582371.000,-346617.000,-269756.000
IncomeLossFromContinuingOperationsBeforeIncomeTaxesMinorityInterestAndIncomeLossFromEquityMethodInvestments,491824.000,-38486.000,-280450.000,,,,,,,,,,,,,,,,
IncomeLossFromEquityMethodInvestments,,,,,,,,,,0.000,0.000,,,,,,,,
IncomeTaxExpenseBenefit,13320.000,710.000,4800.000,0.000,10700.000,0.000,0.000,0.000,9900.000,1050.000,0.000,0.000,10949.000,1900.000,0.000,0.000,750.000,10100.000,0.000
IncomeTaxesPaid,,,4800.000,,10700.000,,,,9900.000,,,,10950.000,,,,750.000,,
IncreaseDecreaseInAccountsPayableAndAccruedLiabilities,,,103186.000,,76707.000,,,,-6088.000,,,,66203.000,,,,176555.000,,
IncreaseDecreaseInAccountsReceivable,,,-64796.000,,-27699.000,,,,-128052.000,,,,22820.000,,,,2765.000,,
IncreaseDecreaseInCustomerAdvances,,,137500.000,,137500.000,,,,137500.000,137500.000,137500.000,137500.000,0.000,,,,,,
IncreaseDecreaseInDeferredCharges,,,,,1975.000,,,,2748.000,,,,3541.000,,,,4375.000,,
IncreaseDecreaseInDeferredCompensation,,,-50000.000,,-75000.000,,,,-50000.000,,,,-50000.000,,,,-50000.000,100000.000,
IncreaseDecreaseInOtherReceivables,,,250.000,,39457.000,,,,42011.000,,,,0.000,,,,,,
IncreaseDecreaseInPrepaidExpense,,,954.000,,10561.000,,,,-8635.000,,,,18497.000,,,,-8793.000,,
InterestIncomeExpenseNonoperatingNet,392.000,5524.000,5704.000,,,,,,,,,,,,,,,,
InvestmentIncomeInterestAndDividend,,,,6132.000,3492.000,3788.000,2772.000,2320.000,1347.000,2325.000,2452.000,2534.000,1665.000,2580.000,2607.000,2896.000,1955.000,438.000,0.000
InvestmentIncomeInvestmentExpense,,,,,5600.000,,,,,,,,,,,,,,
LaborAndRelatedExpense,436621.000,382845.000,457024.000,367396.000,408059.000,403839.000,391612.000,406613.000,411913.000,398011.000,385330.000,361215.000,385603.000,369149.000,351289.000,355291.000,353651.000,351487.000,323278.000
LeaseAndRentalExpense,38875.000,38784.000,40647.000,30030.000,29708.000,28484.000,30067.000,29654.000,29902.000,31093.000,29796.000,36283.000,32038.000,39727.000,31743.000,32033.000,33186.000,32318.000,47583.000
MarketableSecuritiesGainLoss,,,,,-1458.000,,,,919.000,,,,0.000,,,,-24010.000,0.000,0.000
MarketingAndAdvertisingExpense,15118.000,,21402.000,28228.000,19150.000,25337.000,11062.000,13057.000,10616.000,11513.000,10500.000,10514.000,10500.000,11306.000,10552.000,10751.000,10736.000,11208.000,10500.000
NetCashProvidedByUsedInInvestingActivities,,,-9152.000,,49021.000,,,,-13520.000,,,,-2527.000,,,,237258.000,,
NetCashProvidedByUsedInInvestingActivitiesContinuingOperations,,,-9152.000,,49021.000,,,,-13520.000,,,,-2527.000,,,,237258.000,,
NetCashProvidedByUsedInOperatingActivities,,,-28161.000,,-93953.000,,,,87705.000,,,,160574.000,,,,-423714.000,,
NetCashProvidedByUsedInOperatingActivitiesContinuingOperations,,,-28161.000,,-93953.000,,,,87705.000,,,,160574.000,,,,-423714.000,,
NetIncomeLoss,478504.000,-39196.000,-285250.000,-77681.000,-205561.000,-203187.000,-68713.000,84772.000,-180687.000,-121349.000,46702.000,160621.000,185579.000,-216752.000,182628.000,-338822.000,-583121.000,-356717.000,-269756.000
OperatingIncomeLoss,434267.000,-28964.000,-291828.000,-83813.000,-215515.000,-95316.000,-20251.000,132452.000,-79835.000,-87624.000,44250.000,158087.000,181861.000,-217432.000,176874.000,-341718.000,-556759.000,-349083.000,-269756.000
OtherComprehensiveIncomeUnrealizedHoldingGainLossOnSecuritiesArisingDuringPeriodNetOfTax,,,26391.000,25870.000,4740.000,-6066.000,110.000,1733.000,-1600.000,-220.000,-4386.000,-3878.000,2989.000,-1869.000,-7746.000,-9848.000,21871.000,0.000,0.000
OtherGeneralAndAdministrativeExpense,64798.000,83568.000,71935.000,78853.000,66491.000,68189.000,62732.000,65470.000,51351.000,90800.000,62865.000,67289.000,52246.000,46510.000,49479.000,57212.000,56592.000,34758.000,61287.000
PaymentsToAcquireIntangibleAssets,,,,,450.000,,,,450.000,,,,0.000,,,,450.000,,
PaymentsToAcquireMarketableSecurities,,,6563.000,,4352.000,,,,77207.000,,,,2527.000,,,,2875.000,,
PaymentsToAcquirePropertyPlantAndEquipment,,,2589.000,,0.000,,,,4125.000,,,,0.000,,,,,,
ProceedsFromRelatedPartyDebt,,,,,,,,,,,,,13002.000,,,,,,
ProceedsFromSaleAndMaturityOfMarketableSecurities,,,,,53823.000,,,,68262.000,,,,0.000,,,,240583.000,,
ProceedsFromSaleOfAvailableForSaleSecurities,,,,,,,,,67343.000,,,,,,,,,,
ProfessionalFees,44711.000,42342.000,183660.000,49255.000,140324.000,29465.000,100914.000,86644.000,102341.000,48055.000,42385.000,39496.000,90710.000,117382.000,125405.000,192018.000,211207.000,43162.000,77504.000
RestrictedStockExpense,,,,,9330.000,9330.000,9330.000,,,,,,,,,,,,
RevenueFromRelatedParties,,,,,,,,,41000.000,,,,0.000,,,,,,
Revenues,1078132.000,568568.000,523462.000,510550.000,488797.000,500578.000,617105.000,774471.000,557538.000,526870.000,604501.000,706334.000,752958.000,366642.000,757142.000,337900.000,108613.000,123850.000,250896.000
SalesCommissionsAndFees,37522.000,31332.000,31292.000,31271.000,31250.000,31250.000,31639.000,31250.000,31250.000,35022.000,29375.000,33450.000,0.000,0.000,11800.000,32313.000,,,500.000
SalesRevenueNet,1078132.000,568568.000,523462.000,510550.000,488797.000,500578.000,617105.000,774471.000,557538.000,526870.000,604501.000,706334.000,752958.000,366642.000,757142.000,337900.000,108613.000,123850.000,250896.000
ShareBasedCompensation,6220.000,18661.000,9331.000,,9330.000,,,,0.000,,,,,,,,,,
ShareBasedCompensationArrangementByShareBasedPaymentAwardEquityInstrumentsOtherThanOptionsGrantsInPeriod,,,,,0.000,,,,,,,,,,,,,,
ShareBasedCompensationArrangementByShareBasedPaymentAwardEquityInstrumentsOtherThanOptionsVestedInPeriod,,,,,0.000,,,,,,,,,,,,,,
ShareBasedCompensationArrangementByShareBasedPaymentAwardFairValueAssumptionsExpectedDividendRate,,,,,0.000,,,,0.000,,,,0.000,,,,0.000,,
ShareBasedCompensationArrangementByShareBasedPaymentAwardFairValueAssumptionsExpectedVolatilityRate,,,,,1.930,,,,2.118,,,,2.411,,,,3.153,,
ShareBasedCompensationArrangementByShareBasedPaymentAwardFairValueAssumptionsRiskFreeInterestRate,,,,,0.008,,,,0.017,,,,0.014,,,,0.012,,
ShareBasedCompensationArrangementByShareBasedPaymentAwardOptionsGrantsInPeriodGross,,,,,500000.000,,,,,,,,,,,,,,
WeightedAverageNumberOfDilutedSharesOutstanding,131982834.000,132607356.000,,133107356.000,,,,,,,,,,,,,,,
WeightedAverageNumberOfShareOutstandingBasicAndDiluted,,,,,132857356.000,132357356.000,132357356.000,-265089712.000,132357356.000,132357356.000,132357356.000,-264714712.000,132357356.000,132357356.000,132357356.000,-264714712.000,132357356.000,132357356.000,132357356.000
WeightedAverageNumberOfSharesOutstandingBasic,131941070.000,132607356.000,,133107356.000,,,,,,,,,,,,,,,
