,2012-09-30,2013-03-31,2013-06-30,2013-09-30,2013-12-31,2014-03-31,2014-06-30,2014-09-30,2014-12-31,2015-03-31,2015-06-30,2015-09-30,2015-12-31,2016-03-31,2016-06-30,2016-09-30,2016-12-31,2017-03-31
AccretionAmortizationOfDiscountsAndPremiumsInvestments,,,,,,-443000.000,,,,-425000.000,,,,-198000.000,,,,-107000.000
AllocatedShareBasedCompensationExpense,414000.000,787000.000,759000.000,978000.000,898000.000,1400000.000,1684000.000,1627000.000,2328000.000,3103000.000,5869000.000,2634000.000,3762000.000,3749000.000,2238000.000,3467000.000,3418000.000,2381000.000
AntidilutiveSecuritiesExcludedFromComputationOfEarningsPerShareAmount,16545674.000,3483910.000,4257789.000,3041033.000,-5731803.000,3775379.000,2052638.000,1949096.000,-3749216.000,2813279.000,2905340.000,2269605.000,-6314105.000,2413720.000,3055143.000,3131911.000,-3047564.000,1824296.000
CapitalExpendituresIncurredButNotYetPaid,,776000.000,,,,301000.000,,,,14000.000,,,,86000.000,,,,9000.000
CashAndCashEquivalentsPeriodIncreaseDecrease,,-22730000.000,,,,-9331000.000,,,,-17727000.000,,,,3289000.000,,,,-52000.000
ComprehensiveIncomeNetOfTax,-5675000.000,-7214000.000,-7392000.000,-2127000.000,-1899000.000,-12784000.000,-11956000.000,-9822000.000,-22299000.000,-14434000.000,-21037000.000,-12960000.000,-7253000.000,-21167000.000,-21081000.000,-19549000.000,-20029000.000,-19995000.000
DebtConversionConvertedInstrumentSharesIssued1,,1256232.000,,,,1256232.000,,,,,,,,,,,,
DeferredIncomeTaxExpenseBenefit,,-10000.000,,,,,,,,,,,,,,,,
DepreciationDepletionAndAmortization,,289000.000,,,,354000.000,,,,394000.000,,,,419000.000,,,,699000.000
EarningsPerShareBasic,,,,-0.050,,,-0.280,-0.230,,,-0.410,-0.250,,,,,,
EarningsPerShareBasicAndDiluted,-15.980,-0.200,-0.200,,,-0.300,,,,-0.290,,,,-0.400,-0.400,-0.370,-0.380,-0.380
EarningsPerShareDiluted,,,,-0.070,,,-0.290,-0.260,,,-0.410,-0.250,,,,,,
FairValueAssumptionsRiskFreeInterestRate,,0.003,,,,0.003,,,,,,,,,,,,
FairValueAssumptionsWeightedAverageVolatilityRate,,0.700,,,,0.650,,,,,,,,,,,,
FairValueInputsEntityCreditRisk,,0.085,,,,0.074,,,,,,,,,,,,
GainLossOnDispositionOfAssets,,-1000.000,,,,-18000.000,,,,-50000.000,,,,0.000,,,,
GainLossOnInvestments,,1000.000,,,,1000.000,,,,,,,,,,,,
GainsLossesOnExtinguishmentOfDebt,-1738000.000,,,,,,,,,,,,,,,,,
GeneralAndAdministrativeExpense,1093000.000,1905000.000,1723000.000,1917000.000,1884000.000,2732000.000,2954000.000,2569000.000,3278000.000,3644000.000,5814000.000,4245000.000,5427000.000,5103000.000,3664000.000,4842000.000,4782000.000,3959000.000
IncomeLossFromContinuingOperationsBeforeIncomeTaxesExtraordinaryItemsNoncontrollingInterest,-5691000.000,-7239000.000,-7338000.000,-2169000.000,-1945000.000,-12740000.000,-11973000.000,-9798000.000,-22168000.000,-14491000.000,-21037000.000,-13016000.000,-7222000.000,-21212000.000,-21098000.000,-19515000.000,-20015000.000,-20025000.000
IncomeTaxExpenseBenefit,-6000.000,-10000.000,10000.000,-5000.000,-18000.000,1000.000,,,,-4000.000,2000.000,-16000.000,0.000,-5000.000,-8000.000,4000.000,5000.000,-4000.000
IncomeTaxesPaid,,,,,,1000.000,,,,1000.000,,,,1000.000,,,,1000.000
IncreaseDecreaseInAccountsAndOtherReceivables,,,,,,61000.000,,,,2469000.000,,,,-9959000.000,,,,-1218000.000
IncreaseDecreaseInAccountsPayable,,86000.000,,,,1519000.000,,,,471000.000,,,,906000.000,,,,-1331000.000
IncreaseDecreaseInAccruedLiabilities,,822000.000,,,,-39000.000,,,,899000.000,,,,-596000.000,,,,-818000.000
IncreaseDecreaseInDeferredLiabilities,,66000.000,,,,-61000.000,,,,-79000.000,,,,87000.000,,,,13000.000
IncreaseDecreaseInDeferredRevenue,,-3238000.000,,,,-1161000.000,,,,-389000.000,,,,-489000.000,,,,-18000.000
IncreaseDecreaseInEmployeeRelatedLiabilities,,-588000.000,,,,-438000.000,,,,-1059000.000,,,,-1181000.000,,,,-1012000.000
IncreaseDecreaseInOtherOperatingAssets,,,,,,,,,,,,,,-338000.000,,,,-627000.000
IncreaseDecreaseInPrepaidDeferredExpenseAndOtherAssets,,225000.000,,,,385000.000,,,,-78000.000,,,,,,,,
IncreaseDecreaseInPrepaidExpense,,,,,,,,,,,,,,1113000.000,,,,660000.000
IncrementalCommonSharesAttributableToConversionOfDebtSecurities,,,,,,,1437053.000,1449212.000,,,,,,,,,,
InterestAndOtherIncome,,72000.000,63000.000,72000.000,85000.000,100000.000,97000.000,86000.000,105000.000,199000.000,151000.000,335000.000,170000.000,190000.000,180000.000,237000.000,237000.000,214000.000
InterestExpense,110000.000,,18000.000,7000.000,,11000.000,10000.000,10000.000,8000.000,8000.000,7000.000,6000.000,31000.000,24000.000,90000.000,560000.000,508000.000,546000.000
InterestPaid,,,,,,11000.000,,,,8000.000,,,,5000.000,,,,465000.000
InvestmentIncomeInterest,20000.000,,,,,,,,,,,,,,,,,
NetCashProvidedByUsedInFinancingActivities,,173000.000,,,,10181000.000,,,,915000.000,,,,528000.000,,,,268000.000
NetCashProvidedByUsedInFinancingActivitiesContinuingOperations,,173000.000,,,,10181000.000,,,,915000.000,,,,528000.000,,,,268000.000
NetCashProvidedByUsedInInvestingActivities,,-15748000.000,,,,-10483000.000,,,,-7390000.000,,,,11691000.000,,,,18360000.000
NetCashProvidedByUsedInInvestingActivitiesContinuingOperations,,-15748000.000,,,,-10483000.000,,,,-7390000.000,,,,11691000.000,,,,18360000.000
NetCashProvidedByUsedInOperatingActivities,,-7155000.000,,,,-9029000.000,,,,-11252000.000,,,,-8930000.000,,,,-18680000.000
NetCashProvidedByUsedInOperatingActivitiesContinuingOperations,,-7155000.000,,,,-9029000.000,,,,-11252000.000,,,,-8930000.000,,,,-18680000.000
NetIncomeLoss,-5685000.000,-7229000.000,-7348000.000,-2164000.000,-1927000.000,-12741000.000,-11973000.000,-9798000.000,-22168000.000,-14487000.000,-21035000.000,-13000000.000,-7226000.000,-21207000.000,-21090000.000,-19519000.000,-20020000.000,-20021000.000
NetIncomeLossAvailableToCommonStockholdersBasic,,,,-2835000.000,,,,,,,,,,,,,,
NetIncomeLossAvailableToCommonStockholdersDiluted,,,,,,,-12926000.000,-11583000.000,,,,,,,,,,
NonoperatingGainsLosses,,,-2697000.000,671000.000,,-2124000.000,953000.000,1785000.000,-12732000.000,-1811000.000,0.000,0.000,,0.000,0.000,0.000,0.000,
OperatingExpenses,6341000.000,8788000.000,9445000.000,9023000.000,10115000.000,12336000.000,13749000.000,12742000.000,13752000.000,17071000.000,25015000.000,15210000.000,18221000.000,21867000.000,21671000.000,19396000.000,19762000.000,19711000.000
OperatingIncomeLoss,-3532000.000,-5550000.000,-4686000.000,-2905000.000,-4661000.000,-10705000.000,-13013000.000,-11659000.000,-9533000.000,-12871000.000,-21181000.000,-13345000.000,-7361000.000,-21378000.000,-21188000.000,-19192000.000,-19744000.000,-19693000.000
OtherComprehensiveIncomeUnrealizedHoldingGainLossOnSecuritiesArisingDuringPeriodNetOfTax,10000.000,15000.000,-44000.000,37000.000,28000.000,-43000.000,17000.000,-24000.000,-131000.000,58000.000,-2000.000,40000.000,-32000.000,40000.000,9000.000,-30000.000,-9000.000,26000.000
OtherOperatingActivitiesCashFlowStatement,,,,,,,,,,,,,,,,,,135000.000
OtherSignificantNoncashTransactionValueOfConsiderationReceived1,,,,,,,,,,,,,,5470000.000,,,,0.000
PaymentsToAcquireIntangibleAssets,,27000.000,,,,,,,,7000.000,,,,11000.000,,,,16000.000
PaymentsToAcquirePropertyPlantAndEquipment,,77000.000,,,,75000.000,,,,236000.000,,,,395000.000,,,,139000.000
PaymentsToAcquireShortTermInvestments,,18074000.000,,,,39780000.000,,,,37157000.000,,,,20475000.000,,,,2265000.000
ProceedsFromConvertibleDebt,,5000000.000,,,,5000000.000,,,,,,,,,,,,
ProceedsFromIssuanceOfCommonStock,,201000.000,,,,9728000.000,,,,257000.000,,,,363000.000,,,,265000.000
ProceedsFromRepaymentsOfRestrictedCashFinancingActivities,,,,,,,,,,,,,,-338000.000,,,,
ProceedsFromSaleMaturityAndCollectionOfShorttermInvestments,,2430000.000,,,,29372000.000,,,,30010000.000,,,,32572000.000,,,,20780000.000
ProceedsFromStockOptionsExercised,,,,,,487000.000,,,,695000.000,,,,206000.000,,,,3000.000
ProfitLoss,,-7229000.000,,,,,,,,,,,,,,,,
RepaymentsOfOtherLongTermDebt,,28000.000,,,,34000.000,,,,37000.000,,,,41000.000,,,,0.000
ResearchAndDevelopmentExpense,5248000.000,6883000.000,7722000.000,7106000.000,8231000.000,9604000.000,10795000.000,10173000.000,10474000.000,13427000.000,19201000.000,10965000.000,12794000.000,16764000.000,18007000.000,14554000.000,14980000.000,15752000.000
RevenueFromRelatedParties,2809000.000,,,,,,,,,,,,,,,,,
Revenues,2809000.000,3238000.000,4759000.000,6118000.000,5454000.000,1631000.000,736000.000,1083000.000,4219000.000,4200000.000,3834000.000,1865000.000,10860000.000,489000.000,483000.000,204000.000,18000.000,18000.000
SalesRevenueNet,2809000.000,3238000.000,4759000.000,6118000.000,5454000.000,1631000.000,736000.000,1083000.000,4219000.000,4200000.000,3834000.000,1865000.000,10860000.000,489000.000,483000.000,204000.000,18000.000,18000.000
ShareBasedCompensation,,787000.000,,,,1400000.000,,,,3103000.000,,,,3749000.000,,,,2381000.000
ShareBasedCompensationArrangementByShareBasedPaymentAwardFairValueAssumptionsExpectedDividendRate,0.000,,,,,,,,,,,,,,,,,
ShareBasedCompensationArrangementByShareBasedPaymentAwardFairValueAssumptionsExpectedVolatilityRate,0.000,,,,,,,,,,,,,,,,,
ShareBasedCompensationArrangementByShareBasedPaymentAwardFairValueAssumptionsRiskFreeInterestRate,0.000,,,,,,,,,,,,,,,,,
ShareBasedCompensationArrangementByShareBasedPaymentAwardOptionsForfeituresAndExpirationsInPeriod,,,,,,47000.000,,,,27000.000,,,,419000.000,,,,688000.000
ShareBasedCompensationArrangementByShareBasedPaymentAwardOptionsForfeituresAndExpirationsInPeriodWeightedAverageExercisePrice,,,,,,4.720,,,,11.360,,,,10.610,,,,6.260
ShareBasedCompensationArrangementByShareBasedPaymentAwardOptionsGrantsInPeriod,,130000.000,,,,500000.000,,,,413000.000,,,,1960000.000,,,,1796000.000
ShareBasedCompensationArrangementsByShareBasedPaymentAwardOptionsExercisesInPeriodWeightedAverageExercisePrice,,1.090,,,,2.070,,,,1.640,,,,4.830,,,,0.380
ShareBasedCompensationArrangementsByShareBasedPaymentAwardOptionsGrantsInPeriodWeightedAverageExercisePrice,,5.880,,,,8.440,,,,16.390,,,,6.750,,,,1.300
StockIssuedDuringPeriodSharesStockOptionsExercised,,107000.000,,,,235000.000,,,,423000.000,,,,43000.000,,,,8000.000
UnrealizedGainOnSecurities,,11000.000,,,,32000.000,,,,8000.000,,,,,,,,
UnrealizedLossOnSecurities,,28000.000,,,,58000.000,,,,114000.000,,,,,,,,
WeightedAverageNumberOfDilutedSharesOutstanding,,,,41555660000.000,,,44799536.000,44855463.000,,,51073488.000,51990460.000,,,,,,
WeightedAverageNumberOfShareOutstandingBasicAndDiluted,355735.000,35872606000.000,35994642000.000,,,42690200.000,,,,50071165.000,,,,52710672.000,52782643.000,52835414.000,-105515255.000,52990383.000
WeightedAverageNumberOfSharesOutstandingBasic,,,,40154812000.000,,,43362483.000,43406251.000,,,51073488.000,51990460.000,,,,,,
