,2011-06-30,2011-09-30,2012-03-31,2012-06-30,2012-09-30,2012-12-31,2013-03-31,2013-06-30,2013-09-30,2013-12-31,2014-03-31,2014-06-30,2014-09-30,2014-12-31,2015-03-31,2015-06-30,2015-09-30,2015-12-31,2016-03-31,2016-06-30,2016-09-30,2016-12-31,2017-03-31
AmortizationOfIntangibleAssets,,,,,,,,,,,,,25667.000,,378895.000,382679.000,379053.000,367989.000,483297.000,286719.000,298823.000,291266.000,131523.000
BusinessCombinationConsiderationTransferredEquityInterestsIssuedAndIssuable,,,,,,,,,,,,,,,,,,,-207929.000,,,,
CapitalizedComputerSoftwareAdditions,,,,,,,,,,,,,,,,,,,6642.000,0.000,0.000,-1403.000,16546.000
CashAndCashEquivalentsPeriodIncreaseDecrease,,,-115858.000,,,,-81578.000,,,,10079407.000,,,,-669020.000,,,,-955365.000,,,,-922455.000
ComprehensiveIncomeNetOfTax,,,,,,,,,,,,,,,-1233499.000,-1670441.000,-1395963.000,-3909245.000,-708776.000,8981710.000,-1288327.000,-2336039.000,-1484066.000
ConcentrationRiskPercentage1,,,,,,,,,,,,,,,,,,,1.000,,,,
CostOfRevenue,,,,,,,,,,,288370.000,351153.000,340649.000,735441.000,790966.000,924283.000,1027442.000,1208175.000,1377934.000,1010436.000,1269473.000,804597.000,1271321.000
CostOfServices,181634.000,199856.000,306347.000,331848.000,302746.000,336185.000,324673.000,303519.000,311392.000,,,,,,,,,,,,,,
CurrentIncomeTaxExpenseBenefit,,,,,,,173718.000,208633.000,155214.000,208287.000,245024.000,142748.000,-47553.000,175734.000,,,,,,,,,
CustomerRefundableFeesCashReceived,,,1089.000,,,,,,,,,,,,,,,,,,,,
DeferredCompensationArrangementWithIndividualAllocatedShareBasedCompensationExpense,,,,36241.000,50314.000,,,24115.000,71237.000,,,,,,,,,,,,,,
DeferredCompensationArrangementWithIndividualCompensationExpense,,,,,,,489112.000,,,,,,,,,,,,,,,,
DeferredIncomeTaxExpenseBenefit,,,52436.000,,,,-23310.000,18554.000,4047.000,-76988.000,-76259.000,-57381.000,-94607.000,-474223.000,,,,,,,,,
DeferredIncomeTaxesAndTaxCredits,,,,,,,,,,,-31015.000,,,,3655.000,,,,-7650.000,,,,-29558.000
DefinedContributionPlanCostRecognized,,,,,,,,,,,,,,,,,,,,,,,36495.000
DefinedContributionPlanEmployerMatchingContributionPercent,,,,,,,,,,,,,,,,,,,,,,,0.030
DefinedContributionPlanEmployerMatchingContributionPercentOfMatch,,,,,,,,,,,,,,,,,,,,,,,1.000
DefinedContributionPlanMaximumAnnualContributionsPerEmployeePercent,,,,,,,,,,,,,,,,,,,,,,,0.600
Depreciation,,,,,,,,,,,,,31435.000,,,,,,67093.000,45767.000,56004.000,-9712.000,65083.000
DepreciationDepletionAndAmortization,,,2116.000,,,,17587.000,,,,30110.000,,,,425995.000,,,,550390.000,,,,196606.000
DiscontinuedOperationGainLossFromDisposalOfDiscontinuedOperationBeforeIncomeTax,,,,,,,,,,,,,,,,,,,,589438.000,,,
DiscontinuedOperationIncomeLossFromDiscontinuedOperationNetOfTaxPerBasicShare,,,,,,,,,,,,,,,,,,,,1.280,,,
DiscontinuedOperationIncomeLossFromDiscontinuedOperationNetOfTaxPerDilutedShare,,,,,,,,,,,,,,,,,,,,1.280,,,
DiscontinuedOperationProvisionForLossGainOnDisposalNetOfTax,,,,,,,,,,,,,,,,,,,,369106.000,,,
DiscontinuedOperationTaxEffectOfDiscontinuedOperation,,,,,,,,,,,,,,,,,,,,9373295.000,,,
DiscontinuedOperationTaxExpenseBenefitFromProvisionForGainLossOnDisposal,,,,,,,,,,,,,,,,,,,,220332.000,,,
DisposalGroupIncludingDiscontinuedOperationCostsOfGoodsSold,,,,,,,,,,,,,,,,,,,,335166.000,,,
DisposalGroupIncludingDiscontinuedOperationGeneralAndAdministrativeExpense,,,,,,,,,,,,,,,,,,,,231137.000,,,
DisposalGroupIncludingDiscontinuedOperationGrossProfitLoss,,,,,,,,,,,,,,,,,,,,1003936.000,,,
DisposalGroupIncludingDiscontinuedOperationOperatingExpense,,,,,,,,,,,,,,,,,,,,414498.000,,,
DisposalGroupIncludingDiscontinuedOperationOperatingIncomeLoss,,,,,,,,,,,,,,,,,,,,589438.000,,,
DisposalGroupIncludingDiscontinuedOperationRevenue,,,,,,,,,,,,,,,,,,,,1339102.000,,,
DividendsCash,,,,,,,2589011.000,,,,,,,,,,,,,,,,
EarningsPerShareBasic,0.010,0.020,0.010,0.020,0.020,0.020,0.020,0.030,0.020,0.350,0.050,0.030,-0.020,-0.230,-0.210,-0.320,-0.190,-0.580,-0.100,1.190,-0.150,-0.310,-0.180
EarningsPerShareDiluted,0.010,0.020,0.010,0.020,0.020,0.020,0.010,0.030,0.020,0.350,0.050,0.030,-0.020,-0.230,-0.210,-0.320,-0.190,-0.580,-0.100,1.190,-0.150,-0.310,-0.180
EffectOfExchangeRateOnCashAndCashEquivalents,,,,,,,,,,,,,,,3748.000,,,,12426.000,,,,13011.000
EffectiveIncomeTaxRateContinuingOperations,,,,,,,,,,,,,,,0.253,0.200,0.230,-0.743,-0.080,0.470,0.300,-0.440,0.250
ExcessTaxBenefitFromShareBasedCompensationFinancingActivities,,,,,,,,,,,72893.000,,,,,,,,,,,,
ExcessTaxBenefitFromShareBasedCompensationOperatingActivities,,,,,,,,,,,83775.000,,,,,,,,,,,,
FinitelivedIntangibleAssetsAcquired1,,,,,,,,,,,,,,,,,,,26542.000,102000.000,56000.000,532458.000,
GainLossOnSaleOfPropertyPlantEquipment,,,,,,,,,,,,,-10172.000,,-2491.000,,,,-13424.000,,,,
GeneralAndAdministrativeExpense,248676.000,206919.000,278657.000,293047.000,275416.000,337326.000,416178.000,284081.000,302491.000,708184.000,583764.000,563786.000,973016.000,1016046.000,1084016.000,1072267.000,1609753.000,1056289.000,1255241.000,925726.000,1232996.000,1004537.000,1356198.000
GrossProfit,818921.000,934218.000,941067.000,1020177.000,1059758.000,1055422.000,1044765.000,1091628.000,1157570.000,1410641.000,1201684.000,1129617.000,1290595.000,2161988.000,2494536.000,2667271.000,2714870.000,2761634.000,2816117.000,1881205.000,1740834.000,641106.000,1752112.000
IncomeLossFromContinuingOperations,,,,,,,,,,,,,,,,,,,,-669104.000,-1223857.000,,-1474673.000
IncomeLossFromContinuingOperationsAttributableToNoncontrollingEntity,,,,,,,,,,,,,,,,,,,,,,,-1474673.000
IncomeLossFromContinuingOperationsBeforeIncomeTaxesDomestic,384213.000,577797.000,322037.000,424228.000,526231.000,441106.000,373288.000,575515.000,478848.000,,,,,,,,,,,,,,
IncomeLossFromContinuingOperationsBeforeIncomeTaxesExtraordinaryItemsNoncontrollingInterest,,,,,,,,,,,392137.000,236575.000,-239988.000,-1361194.000,-1565974.000,-2322620.000,-1667899.000,-2225862.000,-656438.000,-1272605.000,-1743150.000,-3912970.000,-1974366.000
IncomeLossFromContinuingOperationsPerBasicShare,,,,,,,,,,,,,,,,,,,,-0.090,-0.150,,-0.180
IncomeLossFromContinuingOperationsPerDilutedShare,,,,,,,,,,,,,,,,,,,,-0.090,-0.150,,-0.180
IncomeLossFromDiscontinuedOperationsNetOfTaxAttributableToReportingEntity,,,,,,,,,,,,,,,,,,,,9742401.000,,,
IncomeTaxExpenseBenefit,181286.000,233701.000,117212.000,184000.000,212377.000,130406.000,147718.000,190079.000,159261.000,171097.000,168765.000,85367.000,-142160.000,-243230.000,-395946.000,-455969.000,-378862.000,1692724.000,53660.000,-603501.000,-519293.000,-800054.000,-499693.000
IncomeTaxesPaid,,,348122.000,,,,235000.000,,,,455500.000,,,,34325.000,,,,28972.000,,,,54582.000
IncreaseDecreaseInAccountsPayable,,,,,,,,,,,,,,,,,,,46123.000,,,,155471.000
IncreaseDecreaseInAccountsReceivable,,,-46655.000,,,,13128.000,,,,13659.000,,,,93519.000,,,,-49038.000,,,,-214873.000
IncreaseDecreaseInAccruedIncomeTaxesPayable,,,-283346.000,,,,-67214.000,,,,-244838.000,,,,,,,,19419.000,,,,-76241.000
IncreaseDecreaseInAccruedLiabilities,,,-89977.000,,,,30943.000,,,,3693.000,,,,-150622.000,,,,25849.000,,,,-41091.000
IncreaseDecreaseInDeferredRevenue,,,22713.000,,,,-21565.000,,,,33634.000,,,,-20946.000,,,,-29851.000,,,,-339.000
IncreaseDecreaseInIncomeTaxesPayableNetOfIncomeTaxesReceivable,,,,,,,,,,,,,,,-445507.000,,,,,,,,
IncreaseDecreaseInOperatingAssets,,,-9087.000,,,,-23567.000,,,,,,,,,,,,,,,,
IncreaseDecreaseInOtherOperatingAssets,,,,,,,,,,,-27802.000,,,,32665.000,,,,130635.000,,,,-55908.000
IncrementalCommonSharesAttributableToCallOptionsAndWarrants,,,,547089.000,,,86461.000,26242.000,2626450.000,-2727898.000,32778.000,23625.000,,,,,,,,,,,
IncrementalCommonSharesAttributableToShareBasedPaymentArrangements,,,,,,,,,,,30302.000,23907.000,,,,,,,,10748.000,,,
InterestIncomeExpenseNet,259.000,116.000,,,,,,,,,,,,,,,,,,,,,
InterestIncomeExpenseNonoperatingNet,,,,,,,,,,,,144.000,367.000,,,,,,,,,,
MarketingAndAdvertisingExpense,,,,,,,,,,,,,,,,,,,,,,,545775.000
NetCashProvidedByUsedInFinancingActivities,,,,,,,-262378.000,,,,9978554.000,,,,3438.000,,,,-206804.000,,,,
NetCashProvidedByUsedInFinancingActivitiesContinuingOperations,,,,,,,-262378.000,,,,9978554.000,,,,3438.000,,,,-206804.000,,,,
NetCashProvidedByUsedInInvestingActivities,,,,,,,-241948.000,,,,,,,,-100928.000,,,,-751322.000,,,,-86903.000
NetCashProvidedByUsedInInvestingActivitiesContinuingOperations,,,,,,,-241948.000,,,,,,,,-100928.000,,,,-751322.000,,,,-86903.000
NetCashProvidedByUsedInOperatingActivities,,,-115858.000,,,,422748.000,,,,100853.000,,,,-575278.000,,,,-9665.000,,,,-848563.000
NetCashProvidedByUsedInOperatingActivitiesContinuingOperations,,,-115858.000,,,,422748.000,,,,100853.000,,,,-575278.000,,,,-9665.000,,,,-848563.000
NetIncomeLoss,202927.000,344096.000,204825.000,240228.000,313854.000,310700.000,225570.000,385436.000,319587.000,342370.000,223372.000,151208.000,-97828.000,-1117964.000,-1170028.000,-1866651.000,-1289037.000,-3918586.000,-710098.000,9073297.000,-1223857.000,-2188332.000,-1474673.000
NonoperatingIncomeExpense,,,,,,,,,,,,144.000,-9805.000,,-50024.000,-15623.000,-64681.000,-101390.000,331451.000,38428.000,105104.000,-32788.000,66844.000
OperatingExpenses,434967.000,356537.000,619030.000,595949.000,533527.000,614316.000,671476.000,516113.000,678722.000,897175.000,809547.000,893186.000,1520778.000,3516565.000,4010486.000,4974268.000,4318088.000,4886106.000,3804006.000,3192238.000,3589088.000,4521288.000,3793322.000
OperatingIncomeLoss,383954.000,577681.000,322037.000,424228.000,526231.000,,,,,,,236431.000,-230183.000,,-1515950.000,-2306997.000,-1603218.000,-2124472.000,-987889.000,-1311033.000,-1848254.000,-3880182.000,-2041210.000
OtherComprehensiveIncomeLossForeignCurrencyTransactionAndTranslationAdjustmentNetOfTax,,,,,,,,,,,,,,,-63471.000,196210.000,-106926.000,9341.000,1322.000,-91587.000,-64470.000,-147707.000,-9393.000
OtherComprehensiveIncomeLossNetOfTax,,,,,,,,,,,,,,,,,,,1322.000,,,,-9393.000
OtherIncome,259.000,116.000,,,,,,,,,,,,,,,,,,,,,
PaymentsOfDividends,,,,,,,266002.000,,,,,,,,,,,,,,,,
PaymentsOfDividendsCommonStock,,,,,,,,,,,601766.000,601766.000,602562.000,653617.000,,,,,,,,,
PaymentsToAcquireIntangibleAssets,,,,,,,,,,,,,,,,,,,382202.000,,,,3116.000
PaymentsToAcquirePropertyPlantAndEquipment,,,,,,,241948.000,,,,,,,,100928.000,,,,119120.000,,,,83787.000
ProceedsFromIssuanceOfCommonStock,,,,,,,3624.000,,,,10507427.000,,,,3438.000,,,,,,,,
ProceedsFromStockOptionsExercised,,,,,,,,,,,,,,,,,,,1125.000,,,,
ResearchAndDevelopmentExpense,102862.000,77742.000,113598.000,108595.000,93598.000,87512.000,52532.000,52438.000,81226.000,48385.000,77111.000,101387.000,141923.000,483006.000,471214.000,537151.000,530163.000,624741.000,550162.000,562583.000,612117.000,583788.000,659731.000
Revenues,1000555.000,1134074.000,1247414.000,1352025.000,1362504.000,1391607.000,1369438.000,1395147.000,1468962.000,1520382.000,1490054.000,1480770.000,1631244.000,2897429.000,3285502.000,3591554.000,3742312.000,3969809.000,4194051.000,2891641.000,3010307.000,1445703.000,3023433.000
SalesRevenueNet,1000296.000,1133958.000,1247414.000,1352025.000,1362504.000,1391607.000,1369438.000,1395147.000,1468962.000,1520382.000,1490054.000,1480770.000,1631244.000,2897429.000,3285502.000,3591554.000,3742312.000,3969809.000,4194051.000,2891641.000,3010307.000,1445703.000,3023433.000
SellingAndMarketingExpense,83429.000,71876.000,226775.000,194307.000,164513.000,189478.000,202766.000,179594.000,295005.000,140606.000,148672.000,228013.000,380172.000,1076109.000,1372361.000,1314839.000,1529054.000,1612449.000,1394833.000,1318210.000,1445152.000,1182156.000,1645870.000
ShareBasedCompensation,,,30028.000,,,,247127.000,,,,156052.000,,,,201868.000,,221636.000,,188330.000,,,,184346.000
ShareBasedCompensationArrangementByShareBasedPaymentAwardOptionsForfeituresInPeriod,,,,,,,-425500.000,,,,89150.000,,,,12150.000,,,,35548.000,,,,-39080.000
ShareBasedCompensationArrangementByShareBasedPaymentAwardOptionsGrantsInPeriod,,,,,,,,,,,76000.000,,5171.000,,133000.000,,,,129500.000,,,,307500.000
ShareBasedCompensationArrangementByShareBasedPaymentAwardOptionsGrantsInPeriodWeightedAverageGrantDateFairValue,,,,,,,0.580,,,,,,,,,,,,,,,,
ShareBasedCompensationArrangementsByShareBasedPaymentAwardOptionsExercisesInPeriodWeightedAverageExercisePrice,,,,,,,,,,,0.470,,,,0.050,,,,1.250,,,,
ShareBasedCompensationArrangementsByShareBasedPaymentAwardOptionsForfeituresInPeriodWeightedAverageExercisePrice,,,,,,,,,,,6.790,,,,5.980,,,,4.950,,,,4.890
ShareBasedCompensationArrangementsByShareBasedPaymentAwardOptionsGrantsInPeriodWeightedAverageExercisePrice,,,,,,,,,,,7.500,,,,5.360,,,,3.410,,,,4.890
StockIssuedDuringPeriodSharesIssuedForCash,,,,,,,,,283868.000,,,,,,,,,,,,,,
StockIssuedDuringPeriodSharesStockOptionsExercised,,,,,,,-14500.000,,,,45567.000,,,,2750.000,,,,900.000,,,,
WeightedAverageNumberDilutedSharesOutstandingAdjustment,,,,,,,,,,,,,0.000,,,,,,,,,,
WeightedAverageNumberOfDilutedSharesOutstanding,15484904.000,15344427.000,15431961.000,15159016.000,15258843.000,-31238271.000,15970359.000,15280304.000,15699964.000,-43881354.000,4302443.000,5063993.000,5020005.000,-9472538.000,5456735.000,5871445.000,6858407.000,-11832453.000,7252470.000,7636581.000,8345750.000,-15339604.000,8369249.000
WeightedAverageNumberOfSharesIssuedBasic,,,,13840264.000,14707250.000,,14790565.000,14869639.000,15130162.000,,,,,,,,,,,,,,
WeightedAverageNumberOfSharesOutstandingBasic,13840264.000,13841500.000,13841500.000,14339434.000,14707250.000,-28476001.000,14790565.000,14869639.000,15130162.000,-41785825.000,4239363.000,5016461.000,5020005.000,-9361926.000,5456735.000,5871445.000,6858407.000,-11832453.000,7252470.000,7625833.000,8345750.000,-15328856.000,8369249.000
