,2011-10-31,2012-01-31,2012-10-31,2012-11-30,2013-02-28,2013-08-31,2013-11-30,2014-02-28,2014-05-31,2014-08-31,2014-11-30,2015-02-28,2015-05-31,2015-08-31,2015-11-30,2016-02-29,2016-05-31,2016-11-30,2017-02-28
AdvertisingExpense,,,,,,,4095.000,8998.000,,11354.000,13021.000,12513.000,12247.000,183076.000,205539.000,250804.000,258525.000,133741.000,130933.000
AmortizationOfLeasedAsset,,,,,,,,,,,,,,,,,,-30532.000,-29865.000
CashAndCashEquivalentsPeriodIncreaseDecrease,,,,,,1413935.000,,,,671694.000,,,,-10579817.000,,,,,
ComprehensiveIncomeNetOfTax,,,,945861.000,726702.000,724565.000,1205311.000,531891.000,485024.000,530082.000,523183.000,1311860.000,2246989.000,1770152.000,1416516.000,1090123.000,1716139.000,1563051.000,1629217.000
ComprehensiveIncomeNetOfTaxAttributableToNoncontrollingInterest,,,,,,-36186.000,-61257.000,-25058.000,-18595.000,-26600.000,-25932.000,-60762.000,-121641.000,-50662.000,-69202.000,-54171.000,-61498.000,,
CostOfGoodsSold,,,,,,,,,,,,,,,-3948913.000,147030.000,,403421.000,503618.000
CostOfRevenue,,,,-199876.000,-114941.000,108755.000,94710.000,75991.000,74629.000,75901.000,78916.000,95119.000,106877.000,8103499.000,3970634.000,-312860.000,,,
DeferredIncomeTaxExpenseBenefit,,,,,-433889.000,24285.000,243675.000,55080.000,12529.000,,,,,,,,,-24249.000,-22914.000
Depreciation,,,,,,3167.000,,,,-3635.000,,,,-5975.000,,,,,
DepreciationAndAmortization,,,,2741.000,2796.000,3167.000,3935.000,3952.000,3868.000,3635.000,3076.000,2454.000,2468.000,5975.000,34190.000,181884.000,256401.000,307072.000,24514.000
EarningsPerShareBasic,,,,0.020,,,,,,,,,,,,,,,
EarningsPerShareBasicAndDiluted,,,,,0.020,,0.020,0.010,,0.010,0.010,0.020,0.040,0.030,0.020,0.020,0.030,0.020,0.030
EarningsPerShareDiluted,,,,0.020,,,,,,,,,,,,,,,
EffectOfExchangeRateOnCashAndCashEquivalents,,,,,,28911.000,,,,36852.000,,,,-1061119.000,,,,,
EffectiveIncomeTaxRateContinuingOperations,,,,,,,,,,,,,,,,,,0.230,0.220
EffectiveIncomeTaxRateReconciliationAtFederalStatutoryIncomeTaxRate,,,,,,,,,,,,,,,,,,0.250,0.250
EffectiveIncomeTaxRateReconciliationDeductions,,,,,,,,,,,,,,,,,,0.020,0.030
GeneralAndAdministrativeExpense,1534.000,1390.000,27606.000,80169.000,154248.000,73787.000,73605.000,96960.000,147194.000,87416.000,94261.000,98755.000,135711.000,162967.000,170649.000,191527.000,270373.000,281459.000,153086.000
GrossProfit,,,,1319644.000,1196764.000,1056925.000,1687170.000,810389.000,801596.000,799979.000,800204.000,1854881.000,3184223.000,2761574.000,2294603.000,1836747.000,2743620.000,2131896.000,2122672.000
IncomeLossFromContinuingOperations,-1534.000,-1390.000,-27606.000,,,,,,,,,,,,,,,,
IncomeLossFromContinuingOperationsBeforeIncomeTaxesDomestic,-1534.000,-1390.000,-27606.000,,,,,,,,,,,,,,,,
IncomeLossFromContinuingOperationsBeforeIncomeTaxesExtraordinaryItemsNoncontrollingInterest,,,,1236384.000,1016185.000,966087.000,1607082.000,709187.000,646699.000,706776.000,697586.000,1749147.000,3034310.000,2367870.000,1897020.000,1461831.000,2304852.000,2017688.000,2109360.000
IncomeTaxExpenseBenefit,,,,301200.000,242144.000,241522.000,401771.000,177296.000,161675.000,176694.000,174403.000,437287.000,787321.000,597718.000,480504.000,371708.000,588713.000,454637.000,480143.000
IncomeTaxExpenseBenefitExtraordinaryItems,,,,,,241522.000,401771.000,177296.000,161675.000,176694.000,174403.000,437287.000,787321.000,597718.000,480504.000,371708.000,588713.000,454637.000,480143.000
IncomeTaxesPaidNet,,,,,,339710.000,,,,168662.000,,,,689855.000,,,,,
IncreaseDecreaseInAccountsPayable,,,,,,,,,,,,,,498385.000,,,,,
IncreaseDecreaseInAccountsReceivable,,,,,,,,,,,,,,-8793067.000,,,,,
IncreaseDecreaseInAccruedLiabilities,,,,,,-43356.000,,,,,,,,-45536.000,,,,,
IncreaseDecreaseInDeferredRevenue,,,,,,-686190.000,,,,-5850.000,,,,516510.000,,,,,
IncreaseDecreaseInOtherAccountsPayableAndAccruedLiabilities,,,,,,,,,,11179.000,,,,,,,,,
IncreaseDecreaseInPrepaidExpense,,,,,,-40381.000,,,,40516.000,,,,43437.000,,,,,
IncreaseDecreaseInPropertyAndOtherTaxesPayable,,,,,,120390.000,,,,-9938.000,,,,-231334.000,,,,,
InvestmentIncomeInterest,,,,1518.000,2074.000,14207.000,15154.000,16039.000,16641.000,18015.000,18453.000,18816.000,19883.000,21520.000,82128.000,161052.000,155813.000,122129.000,103903.000
LeaseAndRentalExpense,,,,,1762.000,1808.000,1818.000,1827.000,1814.000,1811.000,1818.000,1814.000,1824.000,1801.000,1752.000,1712.000,553.000,1779.000,1740.000
NetCashProvidedByUsedInInvestingActivities,,,,,,-16530.000,,,,,,,,,,,,,
NetCashProvidedByUsedInInvestingActivitiesContinuingOperations,,,,,,-16530.000,,,,,,,,,,,,,
NetCashProvidedByUsedInOperatingActivities,,,,,,1401554.000,,,,578842.000,,,,-9340598.000,,,,,
NetCashProvidedByUsedInOperatingActivitiesContinuingOperations,,,,,,1401554.000,,,,578842.000,,,,-9340598.000,,,,,
NetIncomeLoss,-1534.000,-1390.000,-27606.000,,,724565.000,1205311.000,531891.000,485024.000,530082.000,523183.000,1311860.000,2246989.000,1770152.000,1416516.000,1090123.000,1716139.000,,
NetIncomeLossAttributableToNoncontrollingInterest,,,,-45180.000,-36322.000,-34576.000,-58602.000,-24921.000,-22572.000,-24834.000,-24479.000,-63916.000,-116387.000,-87987.000,-70452.000,-54171.000,-86715.000,,
NetIncomeLossAttributableToParentDiluted,,,,935184.000,774041.000,,,,,,,,,,,,,,
NetIncomeLossAvailableToCommonStockholdersBasic,,,,,,,,,,,,,,,,,,1563051.000,1629217.000
OperatingExpenses,1534.000,1390.000,,84778.000,182653.000,105045.000,95242.000,117241.000,171538.000,111218.000,121071.000,124550.000,169796.000,415224.000,479711.000,535968.000,594581.000,458664.000,334677.000
OperatingIncomeLoss,,,,1234866.000,1014111.000,951880.000,1591928.000,693148.000,630058.000,688761.000,679133.000,1730331.000,3014427.000,2346350.000,1814892.000,1300779.000,2149039.000,1673232.000,1787995.000
OperatingLeasesIncomeStatementDepreciationExpenseOnPropertySubjectToOrHeldForLease,,,,,,,,,,,,,,,-21721.000,165830.000,,286878.000,349084.000
OperatingLeasesIncomeStatementLeaseRevenue,,,,,,,,,,,,,,,45327.000,340667.000,,582737.000,671135.000
OtherComprehensiveIncomeForeignCurrencyTransactionAndTranslationAdjustmentBeforeTaxPortionAttributableToParent,,,,55857.000,-11017.000,32824.000,119467.000,2798.000,-129374.000,36269.000,69007.000,-99691.000,160170.000,-1070384.000,-34407.000,-553887.000,-146795.000,-1568218.000,87049.000
OtherComprehensiveIncomeLossBeforeTax,,,,,,757389.000,1324778.000,534689.000,355650.000,566351.000,592190.000,1212169.000,2407159.000,699768.000,1382109.000,536236.000,1569344.000,-5167.000,1716266.000
OtherComprehensiveIncomeLossForeignCurrencyTransactionAndTranslationAdjustmentNetOfTax,,,,,,,,,,,,,,1020938.000,21281.000,553887.000,-3401579.000,-1568218.000,87049.000
PaymentsToAcquirePropertyPlantAndEquipment,,,,,,-16530.000,,,,,,,,-178100.000,,,,,
ProceedsFromRelatedPartyDebt,,,,,,154000.000,,,,312000.000,,,,371000.000,,,,,
ProfitLoss,,,,,,,,,,,,,,,,,,1563051.000,1629217.000
RelatedPartyTransactionPurchasesFromRelatedParty,,,,,,12952.000,12992.000,12992.000,-25920.000,12976.000,,,,12904.000,12728.000,12576.000,-25703.000,11952.000,11834.000
Revenues,,,,1519520.000,1311705.000,1165680.000,1781880.000,886380.000,876225.000,875880.000,879120.000,1950000.000,3291100.000,10865073.000,6265237.000,2149607.000,2907177.000,2535317.000,2626290.000
SalesRevenueNet,,,,1519520.000,1311705.000,1165680.000,1781880.000,886380.000,876225.000,875880.000,879120.000,1950000.000,3291100.000,10865073.000,6219910.000,1808940.000,2907177.000,1952580.000,1955155.000
SellingAndMarketingExpense,,,,4609.000,28405.000,31258.000,21637.000,20281.000,24344.000,23802.000,26810.000,25795.000,34085.000,252257.000,309062.000,344441.000,324208.000,177205.000,181591.000
WeightedAverageNumberOfDilutedSharesOutstanding,,,,41200000.000,,,,,,,,,,,,,,,
WeightedAverageNumberOfShareOutstandingBasicAndDiluted,,,10300000.000,,41200000.000,55200000.000,55200000.000,55200000.000,-110400000.000,55200000.000,55200000.000,55200000.000,-110400000.000,55200000.000,55200000.000,55200000.000,-110400000.000,63020871.000,63020871.000
WeightedAverageNumberOfSharesOutstandingBasic,9000000.000,9233333.000,,41200000.000,,,,,,,,,,,,,,,
