,2012-06-18,2012-09-10,2013-04-01,2013-07-01,2013-09-30,2013-12-30,2014-03-31,2014-06-30,2014-09-29,2014-12-29,2015-03-30,2015-06-29,2015-09-28,2015-12-28,2016-03-28,2016-06-27,2016-09-26,2017-04-03
AllocatedShareBasedCompensationExpense,231000.000,191000.000,,,,,567000.000,,,,,,,,,,,
AmortizationOfDebtDiscountPremium,,,,,,,,,,,119000.000,,,,101000.000,,,99000.000
AmortizationOfFinancingCosts,,,74000.000,,,,197000.000,,,,265000.000,,,,237000.000,,,234000.000
AssetImpairmentCharges,,,,,,,,84000.000,,,,,,,,,11100000.000,
CashAndCashEquivalentsPeriodIncreaseDecrease,,,,,,,,,,,,,,,-340000.000,,,
CashAndCashEquivalentsPeriodIncreaseDecreaseExcludingExchangeRateEffect,,,,,,,,,,,,,,,,,,12616000.000
CashProvidedByUsedInInvestingActivitiesDiscontinuedOperations,,,,,,,,,,,4639000.000,,,,,,,
CashProvidedByUsedInOperatingActivitiesDiscontinuedOperations,,,,,,,,,,,3177000.000,,,,,,,
ComprehensiveIncomeNetOfTax,5486000.000,8925000.000,,,,,,,,,,,,,,,,
CostOfGoodsSoldDirectLabor,31970000.000,33411000.000,31907000.000,71465000.000,69925000.000,60024000.000,66847000.000,68995000.000,64018000.000,57275000.000,34817000.000,39990000.000,37190000.000,30212000.000,35922000.000,38162000.000,33716000.000,28845000.000
CostOfGoodsSoldDirectMaterials,37172000.000,40363000.000,36321000.000,66765000.000,69191000.000,55294000.000,63418000.000,70722000.000,65886000.000,53229000.000,38601000.000,44065000.000,41492000.000,30112000.000,37166000.000,42657000.000,39751000.000,32361000.000
CostsAndExpenses,110416000.000,116502000.000,114993000.000,230820000.000,231299000.000,198629000.000,215560000.000,227092000.000,222809000.000,193378000.000,121019000.000,136881000.000,132843000.000,109667000.000,116408000.000,138633000.000,131793000.000,98476000.000
DeferredIncomeTaxExpenseBenefit,,,390000.000,,,,-2814000.000,,,,-498000.000,,,,-61000.000,,,2000.000
DepreciationDepletionAndAmortization,4200000.000,4404000.000,4813000.000,7356000.000,7506000.000,7832000.000,8136000.000,7945000.000,8845000.000,8848000.000,6229000.000,6177000.000,7762000.000,5663000.000,6026000.000,6117000.000,5933000.000,4629000.000
DiscontinuedOperationTaxEffectOfDiscontinuedOperation,,,,,,,,,,,366000.000,4196000.000,391000.000,-7953000.000,,,,
EarningsPerShareBasicAndDiluted,0.250,0.350,0.090,-0.100,-0.080,-0.170,-0.010,0.070,-0.250,-1.900,-0.870,0.000,-0.150,-0.780,-0.060,-0.400,-0.590,-0.230
EffectiveIncomeTaxRateContinuingOperations,0.207,0.218,0.307,0.444,0.589,-0.687,0.897,0.785,0.479,-2.726,0.194,,,,,,,
GainLossOnDispositionOfAssets,,,-168000.000,,,,-265000.000,,,,,,,,-76000.000,,,-197000.000
GainLossOnDispositionOfAssets1,,,,,,,,,,,-130000.000,,,,,,,
GainLossOnSaleOfPropertyPlantEquipment,-171000.000,-180000.000,-195000.000,-197000.000,-1165000.000,-1044000.000,-265000.000,-504000.000,-1034000.000,1322000.000,-158000.000,-194000.000,908000.000,-435000.000,-101000.000,-323000.000,-472000.000,-198000.000
GeneralAndAdministrativeExpense,8044000.000,7374000.000,10291000.000,16611000.000,13825000.000,11738000.000,12274000.000,11202000.000,11229000.000,10583000.000,8395000.000,8363000.000,6502000.000,7263000.000,6550000.000,5684000.000,5473000.000,7545000.000
IncomeLossFromContinuingOperations,,,,,,,,,,,-3196000.000,1731000.000,-4288000.000,-19096000.000,-1626000.000,-10443000.000,-15163000.000,
IncomeLossFromContinuingOperationsBeforeIncomeTaxesMinorityInterestAndIncomeLossFromEquityMethodInvestments,6919000.000,11406000.000,3152000.000,-4429000.000,-4708000.000,-12993000.000,-2579000.000,990000.000,-12531000.000,-20090000.000,-2676000.000,2440000.000,-3751000.000,-21170000.000,-1537000.000,-10361000.000,-15014000.000,-5909000.000
IncomeLossFromContinuingOperationsPerBasicAndDilutedShare,,,,,,,,,,,-0.120,0.070,-0.170,-0.750,-0.060,-0.400,-0.590,
IncomeLossFromDiscontinuedOperationsNetOfTaxAttributableToReportingEntity,,,,,,,,,,,-19039000.000,-1645000.000,391000.000,-1223000.000,,,,
IncomeLossFromDiscontinuedOperationsNetOfTaxPerBasicAndDilutedShare,,,,,,,,,,,-0.740,-0.060,0.020,-0.060,,,,
IncomeTaxExpenseBenefit,1433000.000,2481000.000,967000.000,-1967000.000,-2771000.000,-8622000.000,-2314000.000,-777000.000,-6001000.000,28431000.000,520000.000,709000.000,537000.000,-2074000.000,89000.000,82000.000,149000.000,44000.000
IncreaseDecreaseInAccountsPayableAndAccruedLiabilities,,,3550000.000,,,,-265000.000,,,,7013000.000,,,,926000.000,,,1415000.000
IncreaseDecreaseInInventories,,,860000.000,,,,747000.000,,,,639000.000,,,,649000.000,,,861000.000
IncreaseDecreaseInOtherOperatingAssets,,,-276000.000,,,,-1074000.000,,,,398000.000,,,,-176000.000,,,1758000.000
IncreaseDecreaseInOtherOperatingLiabilities,,,763000.000,,,,525000.000,,,,1865000.000,,,,271000.000,,,209000.000
IncreaseDecreaseInReceivables,,,1001000.000,,,,-2234000.000,,,,1270000.000,,,,-236000.000,,,-2740000.000
InsuredEventGainLoss,217000.000,,300000.000,,300000.000,,,,89000.000,,,,-428000.000,,-8000.000,763000.000,,668000.000
InterestIncomeExpenseNonoperatingNet,-2768000.000,-1229000.000,-395000.000,-1741000.000,-1335000.000,-1775000.000,-1878000.000,-1765000.000,-5039000.000,-3839000.000,-3876000.000,-3849000.000,-3837000.000,-4801000.000,-3020000.000,-3248000.000,-3158000.000,-3227000.000
NetCashProvidedByUsedInContinuingOperations,,,895000.000,,,,74000.000,,,,12225000.000,,,,,,,
NetCashProvidedByUsedInDiscontinuedOperations,,,,,,,,,,,-689000.000,,,,,,,
NetCashProvidedByUsedInFinancingActivities,,,-107000.000,,,,-5410000.000,,,,-407000.000,,,,-319000.000,,,11948000.000
NetCashProvidedByUsedInFinancingActivitiesContinuingOperations,,,-107000.000,,,,-5410000.000,,,,-407000.000,,,,-319000.000,,,11948000.000
NetCashProvidedByUsedInInvestingActivities,,,-9271000.000,,,,-3423000.000,,,,-1028000.000,,,,-6147000.000,,,-283000.000
NetCashProvidedByUsedInInvestingActivitiesContinuingOperations,,,-9271000.000,,,,-3423000.000,,,,-5667000.000,,,,-6147000.000,,,-283000.000
NetCashProvidedByUsedInOperatingActivities,,,10273000.000,,,,8907000.000,,,,13660000.000,,,,6126000.000,,,951000.000
NetCashProvidedByUsedInOperatingActivitiesContinuingOperations,,,10273000.000,,,,8907000.000,,,,10483000.000,,,,6126000.000,,,951000.000
NetIncomeLossAvailableToCommonStockholdersBasic,5486000.000,8925000.000,2185000.000,-2462000.000,-1937000.000,-4371000.000,-265000.000,1767000.000,-6530000.000,-48521000.000,-22235000.000,86000.000,-3897000.000,-20319000.000,-1626000.000,-10443000.000,-15163000.000,-5953000.000
OperatingIncomeLoss,9470000.000,12635000.000,3247000.000,-2688000.000,-3673000.000,-11779000.000,-701000.000,2755000.000,-7581000.000,-16127000.000,1200000.000,6289000.000,514000.000,-16369000.000,1491000.000,-7876000.000,-11856000.000,-3349000.000
OperatingLeasesRentExpenseNet,7717000.000,8196000.000,,,,,,,,,,,,,,,,
OtherComprehensiveIncomeLossBeforeTaxPortionAttributableToParent,0.000,,,,,,,,,,,,,,,,,
OtherComprehensiveIncomeLossNetOfTaxPortionAttributableToParent,0.000,,,,,,,,,,,,,,,,,
OtherComprehensiveIncomeLossReclassificationAdjustmentOnDerivativesIncludedInNetIncomeBeforeTax,,0.000,,,,,,,,,,,,,,,,
OtherComprehensiveIncomeLossTaxPortionAttributableToParent1,,0.000,,,,,,,,,,,,,,,,
OtherComprehensiveIncomeUnrealizedGainLossOnDerivativesArisingDuringPeriodBeforeTax,,0.000,,,,,,,,,,,,,,,,
OtherCostAndExpenseOperating,19655000.000,21996000.000,21804000.000,48039000.000,47992000.000,41509000.000,44001000.000,47454000.000,47619000.000,36439000.000,22099000.000,27571000.000,25440000.000,20274000.000,19663000.000,27279000.000,21409000.000,15965000.000
PaymentsOfDebtIssuanceCosts,,,107000.000,,,,,,,,,,,,,,,
PaymentsRelatedToTaxWithholdingForShareBasedCompensation,,,,,,,3000.000,,,,,,,,,,,2000.000
PaymentsToAcquireIntangibleAssets,,,625000.000,,,,,,,,,,,,,,,
PaymentsToAcquirePropertyPlantAndEquipment,,,8947000.000,10612000.000,18693000.000,13112000.000,3472000.000,7847000.000,8942000.000,6965000.000,5698000.000,2866000.000,3685000.000,4384000.000,6496000.000,1923000.000,572000.000,283000.000
PreOpeningCosts,1430000.000,551000.000,1091000.000,1477000.000,1480000.000,776000.000,204000.000,558000.000,1210000.000,827000.000,468000.000,46000.000,22000.000,391000.000,881000.000,-5000.000,,
ProceedsFromInsuranceSettlementInvestingActivities,,,300000.000,,,,,,,,,,,,,,,
ProceedsFromLinesOfCredit,,,,,,,43600000.000,,,,,,,,6200000.000,,,16850000.000
ProceedsFromSaleOfPropertyPlantAndEquipment,,,1000.000,,,,49000.000,,,,31000.000,,,,349000.000,,,
RepaymentsOfLinesOfCredit,,,,,,,48407000.000,,,,,,,,6200000.000,,,4900000.000
RepaymentsOfLongTermDebt,,,,,,,600000.000,,,,407000.000,,,,319000.000,,,
RestructuringCharges,,,,,,,,200000.000,2900000.000,,,,,,,,,
RestructuringCostsAndAssetImpairmentCharges,,,,,,,,,3308000.000,,30000.000,53000.000,4752000.000,5662000.000,193000.000,8240000.000,15337000.000,294000.000
RestructuringReserveAcceleratedDepreciation,,,,,,,,35000.000,900000.000,,,,,,,,,
Revenues,119886000.000,129137000.000,118240000.000,228132000.000,227626000.000,186850000.000,214859000.000,229847000.000,215228000.000,177251000.000,122219000.000,143170000.000,133357000.000,93298000.000,117899000.000,130757000.000,119937000.000,95127000.000
SalesRevenueNet,119886000.000,129137000.000,118240000.000,228132000.000,227626000.000,186850000.000,214859000.000,229847000.000,215228000.000,177251000.000,122219000.000,143170000.000,133357000.000,93298000.000,117899000.000,130757000.000,119937000.000,95127000.000
ShareBasedCompensation,,,215000.000,,,,567000.000,,,,863000.000,,,,413000.000,,,-2000.000
ValuationAllowanceDeferredTaxAssetChangeInAmount,,,,,,,,,,,10400000.000,17600000.000,,,,,6400000.000,
WeightedAverageNumberDilutedSharesOutstandingAdjustment,1000.000,3000.000,6000.000,,,,,98000.000,,,,9000.000,,,,,,
WeightedAverageNumberOfDilutedSharesOutstanding,22137000.000,25627000.000,25630000.000,25624000.000,25632000.000,-51257000.000,25639000.000,25749000.000,25672000.000,-51401000.000,25674000.000,25730000.000,25761000.000,-51434000.000,25776000.000,25815000.000,25866000.000,25888000.000
WeightedAverageNumberOfShareOutstandingBasicAndDiluted,,,,,,,,,25672000.000,,,,,,25776000.000,,,25888000.000
WeightedAverageNumberOfSharesOutstandingBasic,22136000.000,25624000.000,25624000.000,25624000.000,25632000.000,-51251000.000,25639000.000,25651000.000,25672000.000,-51303000.000,25674000.000,25721000.000,25761000.000,-51425000.000,25776000.000,25815000.000,25866000.000,25888000.000
