,2012-04-30,2012-10-31,2013-01-31,2013-06-30,2013-12-31,2014-03-31,2014-06-30,2014-09-30,2014-12-31,2015-03-31,2015-06-30,2015-09-30,2015-12-31,2016-03-31,2016-06-30,2016-09-30,2016-12-31,2017-03-31
AffiliateCosts,,,,,,,,,,,,,,,,,-15171.000,-32721.000
AllocatedShareBasedCompensationExpense,,,,,1053755.000,,,,,,,,,,,,,
BusinessCombinationAcquisitionRelatedCosts,,,,,,,,,,,,,,,,,-50000.000,
CashAcquiredFromAcquisition,,,,,,,,,,,,,,,,,201676.000,
CashAndCashEquivalentsPeriodIncreaseDecrease,2432.000,3086.000,,,-423715.000,,,,-98957.000,,,,-60426.000,,,,176095.000,
CostOfGoodsAndServicesSold,,,,,,,,,,,,,-29065.000,-30276.000,72545.000,394946.000,416868.000,325592.000
CostOfRevenue,,,,44901.000,,188.000,55828.000,,35517.000,5438.000,23005.000,8112.000,,,,,,
CostsAndExpenses,7698.000,20815.000,13134.000,299684.000,1402880.000,656135.000,618605.000,468568.000,306980.000,416349.000,369957.000,417524.000,,,,,,
DebtConversionConvertedInstrumentSharesIssued1,,,,,,,,,,,,,-2833333.000,,,,,
DebtInstrumentIncreaseAccruedInterest,,,,,,,,,,,,,,,,,1512.000,
DepreciationAndAmortization,,,,,468.000,,,,1618.000,,,,10488.000,,,,18646.000,
DirectCostsOfLeasedAndRentedPropertyOrEquipment,,,,,,,,,,,,,,,,,13262.000,
EarningsPerShareBasicAndDiluted,0.000,0.000,0.000,-0.010,-0.050,-0.020,-0.020,-0.010,-0.010,-0.020,-0.010,-0.010,-0.010,-0.010,-0.010,-0.010,-0.010,-0.010
EquipmentExpense,,,,,,,,,,,,,,,,,-135731.000,
FairValueAssumptionsRiskFreeInterestRate,,,,,,,,,0.025,,,,,,,,,
ForeignCurrencyTransactionGainLossBeforeTax,,,,,,,,,,,,,,,,,-53966.000,
GeneralAndAdministrativeExpense,153.000,1828.000,234.000,,,,,,,,,,,,,,,
GrossProfit,,,,3307.000,,124.000,3331.000,,5499.000,10148.000,6806.000,20497.000,-15395.000,-20678.000,63723.000,19691.000,160639.000,50735.000
IncomeLossFromContinuingOperations,-7698.000,,,-296377.000,-1402880.000,-656011.000,-615274.000,-459266.000,-301481.000,-406201.000,-363151.000,-397027.000,306178.000,338787.000,,,,
IncomeLossFromContinuingOperationsBeforeIncomeTaxesExtraordinaryItemsNoncontrollingInterest,,,,,,,,,,,,,,,-334665.000,,,
IncomeTaxesPaid,0.000,0.000,,,0.000,,,,,,,,,,,,0.000,
IncomeTaxesPaidNet,,,,,,,,,,,,,800.000,,,,,
IncreaseDecreaseInAccountsPayable,,,,,4538.000,,,,-5004.000,,,,12098.000,,,,-77156.000,
IncreaseDecreaseInAccountsPayableAndAccruedLiabilities,3150.000,-9124.000,,,,,,,,,,,,,,,,
IncreaseDecreaseInAccountsReceivable,,,,,13195.000,,,,,,,,,,,,-82692.000,
IncreaseDecreaseInInventories,,,,,-35421.000,,,,-33082.000,,,,-20652.000,,,,24866.000,
IncreaseDecreaseInOtherCurrentLiabilities,,,,,,,,,,,,,,,,,19643.000,
IncreaseDecreaseInOtherOperatingLiabilities,,,,,-9563.000,,,,672.000,,,,-220.000,,,,,
IncreaseDecreaseInPrepaidDeferredExpenseAndOtherAssets,,,,,-46023.000,,,,24473.000,,,,176.000,,,,67910.000,
IncreaseDecreaseInReceivables,,,,,,,,,321.000,,,,-3860.000,,,,,
InterestExpense,,,,,,,,,,,,,,,,,1848.000,
InterestExpenseDebt,,,,,,,,,17992.000,,,,,,,,,
InterestIncomeDomesticDeposits,0.000,,,,,,,,,,,,,,,,,
InterestPaid,,,,,,,,,,,,,,,,,584.000,
InterestPaidNet,0.000,0.000,,,0.000,,,,,,,,0.000,,,,,
NetCashProvidedByUsedInFinancingActivities,6980.000,33025.000,,,,,,,187200.000,,,,205000.000,,,,512276.000,
NetCashProvidedByUsedInFinancingActivitiesContinuingOperations,6980.000,33025.000,,,,,,,187200.000,,,,205000.000,,,,512276.000,
NetCashProvidedByUsedInInvestingActivities,,-29939.000,,,-1927.000,,,,,,,,-2529.000,,,,15945.000,
NetCashProvidedByUsedInInvestingActivitiesContinuingOperations,,-29939.000,,,-1927.000,,,,,,,,-2529.000,,,,15945.000,
NetCashProvidedByUsedInOperatingActivities,-4548.000,,,,-421788.000,,,,-286157.000,,,,-262897.000,,,,-352126.000,
NetCashProvidedByUsedInOperatingActivitiesContinuingOperations,-4548.000,,,,-421788.000,,,,-286157.000,,,,-262897.000,,,,-352126.000,
NetIncomeLoss,-7698.000,-20815.000,-13134.000,-297177.000,-1402737.000,-655966.000,-617762.000,-459263.000,-302281.000,-406626.000,-362961.000,-397485.000,309599.000,337939.000,-324820.000,-1598011.000,-346374.000,-385292.000
NetIncomeLossAttributableToNoncontrollingInterest,,,,,,,,,,,,,,,,,-6422.000,-8426.000
NetIncomeLossAttributableToParentDiluted,,,,,,,,,,,,,,,,,-339952.000,-376866.000
OperatingExpenses,,,,,,,,,,,,,-321573.000,-359465.000,398388.000,1617181.000,508334.000,413874.000
OperatingIncomeLoss,-7698.000,,,,,,,,,,,,,,,,-347695.000,-363139.000
OtherExpenses,,,,,,,,,,,,,,,-1712.000,,-1355.000,-2545.000
OtherIncome,,,,,,,,,,,190.000,,-228.000,-48.000,11557.000,616.000,17847.000,13113.000
OtherNoncashIncomeExpense,,,,,,,-2488.000,,-800.000,-425.000,,,3649.000,-800.000,,,,
OtherNonoperatingIncomeExpense,,,,-800.000,143.000,45.000,,,,,,,,,,,,
PaymentsForRepurchaseOfEquity,,,,,,,,,-174000.000,,,,,,,,,
PaymentsToAcquirePropertyPlantAndEquipment,,,,,1927.000,,,,,,,,2529.000,,,,,
PaymentsToAcquireSoftware,,,,,,,,,,,,,,,,,14807.000,
ProceedsFromIssuanceOfCommonStock,,,,,,,,,13200.000,,,,,,,,535000.000,
ProceedsFromIssuanceOfDebt,,,,,,,,,,,,,,,,,18384.000,
ProceedsFromIssuanceOrSaleOfEquity,,33000.000,,,,,270000.000,,,,,,,,,,,
ProceedsFromRelatedPartyDebt,,25.000,,,,,,,,,,,,,,,,
ProceedsFromRepaymentsOfRelatedPartyDebt,6980.000,,,,,,,,,,,,,,,,,
ProfessionalFees,4005.000,5420.000,4500.000,,,,,,,,,,,,,,,
RepaymentsOfRelatedPartyDebt,,,,,,,,,,,,,,,,,-34670.000,
RepaymentsOfShortTermDebt,,,,,,,,,,,,,,,,,-6438.000,
RevenueFromRelatedParties,,,,,,,,,,,,,,,,,317228.000,
Revenues,,,,48208.000,,312.000,59159.000,,41016.000,15586.000,29811.000,28609.000,-44460.000,-50954.000,136268.000,414637.000,577507.000,376327.000
SalesRevenueNet,,,,48208.000,,312.000,59159.000,,41016.000,15586.000,29621.000,28609.000,-44232.000,-50906.000,124711.000,414021.000,559660.000,363214.000
ShareBasedCompensation,,,,,1053755.000,,,,9134.000,,,,,,,,,
StockIssuedDuringPeriodSharesPurchaseOfAssets,,,,,,,,,,,,,,,,,535000.000,
StockIssuedDuringPeriodSharesStockOptionsExercised,,,,,1657778.000,,,,2978124.000,,,,,,,,,
StockIssuedDuringPeriodValueAcquisitions,,,,,,,,,,,,,,,,,258465.000,
StockIssuedDuringPeriodValuePurchaseOfAssets,,,,,,,,,,,,,,,,,535000.000,
StockIssuedDuringPeriodValueStockOptionsExercised,,,,,,,,,17992.000,,,,,,,,,
StockOptionPlanExpense,,,,,,,,,,,,,,,,,1900.000,
TangibleAssetImpairmentCharges,,,,,,,,,,,,,,,,,4112.000,
TemporaryEquityForeignCurrencyTranslationAdjustments,,,,,,,,,,,,,,,,,1076.000,
TreasuryStockAcquiredAverageCostPerShare,,,,,,,,,0.038,,,,,,,,,
TreasuryStockSharesAcquired,,,,,,,,,2736000.000,,,,,,,,,
WeightedAverageNumberOfShareOutstandingBasicAndDiluted,100000000.000,6200000.000,6200000.000,36281464.000,31135757.000,29005062.000,29687884.000,-59707683.000,28099371.000,27757719.000,27770018.000,-53622768.000,30330494.000,30394231.000,30656401.000,-60628859.000,32553835.000,32925132.000
