,2012-06-30,2012-09-30,2013-03-31,2013-06-30,2013-09-30,2013-12-31,2014-03-31,2014-06-30,2014-09-30,2014-12-31
AllocatedShareBasedCompensationExpense,,,,,102000.000,,-60000.000,161000.000,83000.000,-110000.000
AmortizationOfFinancingCosts,,,,,,,378000.000,,,
AmortizationOfIntangibleAssets,,,,,,,1100000.000,1100000.000,1000000.000,900000.000
AssetImpairmentCharges,,,,,,,572000.000,4875000.000,85000.000,0.000
BusinessAcquisitionContingentConsiderationSharesIssuable,,,10440000.000,,,,,,,
BusinessCombinationBargainPurchaseGainRecognizedAmount,,,,,1150000.000,,,,,
BusinessCombinationSeparatelyRecognizedTransactionsAdditionalDisclosuresAcquisitionCostExpensed,,,530000.000,,,,,,,
CashAndCashEquivalentsPeriodIncreaseDecrease,,,-95400.000,,,,-829000.000,,,
ComprehensiveIncomeNetOfTax,,,,-3057000.000,147000.000,,-38364000.000,-26578000.000,-51346000.000,-14595000.000
ComprehensiveIncomeNetOfTaxAttributableToNoncontrollingInterest,,,,,,,-37000.000,-19000.000,-48000.000,-10000.000
ComprehensiveIncomeNetOfTaxIncludingPortionAttributableToNoncontrollingInterest,,,,,,,-38401000.000,-26597000.000,-51394000.000,-14605000.000
CostOfGoodsSold,,,,72706000.000,87589000.000,,80984000.000,88144000.000,69542000.000,71047000.000
DeferredIncomeTaxExpenseBenefit,,,,,,,20683000.000,,,
DepreciationAndAmortization,,,,,,,4412000.000,,,
DisposalGroupNotDiscontinuedOperationGainLossOnDisposal,,,,4000.000,0.000,,,-180000.000,0.000,
EarningsPerShareBasic,,,,-0.150,-0.060,,-1.870,-1.310,-2.430,-0.270
EarningsPerShareBasicAndDiluted,-0.030,-0.040,-1.800,,,,,,,
EarningsPerShareDiluted,,,,-0.150,-0.060,,-1.870,-1.310,-2.430,-0.270
EffectOfExchangeRateOnCashAndCashEquivalents,,,,,,,174000.000,,,
EffectiveIncomeTaxRateContinuingOperations,,,,0.231,0.374,,-1.168,0.032,-0.005,
EffectiveIncomeTaxRateReconciliationAtFederalStatutoryIncomeTaxRate,,,,0.350,0.350,,0.340,0.340,,
GainLossOnDispositionOfAssets1,,,,,,,,-180000.000,0.000,
GainsLossesOnExtinguishmentOfDebt,,,,,,,,,-22195000.000,
GeneralAndAdministrativeExpense,34515.000,85573.000,775684.000,,,,,,,
GoodwillAcquiredDuringPeriod,,,,,,,0.000,,,
GoodwillAndIntangibleAssetImpairment,,,,,,,,3216000.000,0.000,
GoodwillImpairmentLoss,,,,,,,,100000.000,,
GoodwillTranslationAdjustments,,,,,,,0.000,,,
GrossProfit,,,,28143000.000,22727000.000,,13858000.000,11650000.000,11625000.000,7131000.000
ImpairmentOfLongLivedAssetsHeldForUse,,,,,,,,1659000.000,85000.000,
IncomeLossFromContinuingOperationsBeforeIncomeTaxesExtraordinaryItemsNoncontrollingInterest,-77460.000,-107284.000,-5476886.000,-2862000.000,-1768000.000,-4769114.000,-17702000.000,-27818000.000,-38346000.000,1573000.000
IncomeLossFromContinuingOperationsIncludingPortionAttributableToNoncontrollingInterest,,,,,,,,,-38545000.000,
IncomeLossFromContinuingOperationsPerBasicShare,,,,,,,,,-1.870,
IncomeLossFromContinuingOperationsPerDilutedShare,,,,,,,,,-1.870,
IncomeLossFromDiscontinuedOperationsNetOfTax,,,,,,,,,-10872000.000,
IncomeLossFromDiscontinuedOperationsNetOfTaxPerBasicShare,,,,,,,,,-0.530,
IncomeLossFromDiscontinuedOperationsNetOfTaxPerDilutedShare,,,,,,,,,-0.530,
IncomeTaxExpenseBenefit,0.000,325.000,0.000,-662000.000,-661000.000,3865000.000,20674000.000,-901000.000,199000.000,279000.000
IncomeTaxesPaid,,,,,,,93000.000,,,
IncreaseDecreaseInAccountsPayable,,,,,,,-10750000.000,,,
IncreaseDecreaseInAccountsPayableAndAccruedLiabilities,,,589284.000,,,,,,,
IncreaseDecreaseInAccruedLiabilities,,,,,,,-1329000.000,,,
IncreaseDecreaseInInventories,,,,,,,-2518000.000,,,
IncreaseDecreaseInOperatingAssets,,,,,,,573000.000,,,
IncreaseDecreaseInOperatingLiabilities,,,,,,,-314000.000,,,
IncreaseDecreaseInOtherOperatingAssets,,,91000.000,,,,,,,
IncreaseDecreaseInPrepaidExpense,,,0.000,,,,,,,
IncreaseDecreaseInReceivables,,,,,,,-7732000.000,,,
IncrementalCommonSharesAttributableToShareBasedPaymentArrangements,,,,,0.000,,,,,
InterestExpense,,,,12649000.000,5498000.000,,5561000.000,5607000.000,6495000.000,6363000.000
InterestPaid,,,,,,,5183000.000,,,
InventoryLIFOReserveEffectOnIncomeNet,,,,,,,-992000.000,,,
LicensesRevenue,,,,1613000.000,1664000.000,,1596000.000,1615000.000,1631000.000,1562000.000
LiquidityDisclosureFutureObligationsNotExpectedToBeRepaidAmount,,,50000.000,,,,,,,
NetCashProvidedByUsedInFinancingActivities,,,0.000,,,,17841000.000,,,
NetCashProvidedByUsedInFinancingActivitiesContinuingOperations,,,0.000,,,,17841000.000,,,
NetCashProvidedByUsedInInvestingActivities,,,-14065.000,,,,-2465000.000,,,
NetCashProvidedByUsedInInvestingActivitiesContinuingOperations,,,-14065.000,,,,-2465000.000,,,
NetCashProvidedByUsedInOperatingActivities,,,-81335.000,,,,-16379000.000,,,
NetCashProvidedByUsedInOperatingActivitiesContinuingOperations,,,-81335.000,,,,-16379000.000,,,
NetIncomeLoss,-77460.000,-107609.000,-5476886.000,-2200000.000,-1107000.000,-8617114.000,-38339000.000,-26898000.000,-49369000.000,-4872000.000
NetIncomeLossAttributableToNoncontrollingInterest,,,,,,,-37000.000,-19000.000,-48000.000,-10000.000
NetIncomeLossAvailableToCommonStockholdersBasic,,,,,,,,,-49908000.000,
NonoperatingIncomeExpense,19055.000,23289.000,14065.000,,,,,,,
OperatingExpenses,,,,,,,,34289000.000,21327000.000,
OperatingIncomeLoss,-96515.000,-130573.000,-820284.000,9936000.000,2265000.000,905284.000,-12156000.000,-22639000.000,-9702000.000,8203000.000
OtherComprehensiveIncomeForeignCurrencyTransactionAndTranslationGainLossArisingDuringPeriodNetOfTax,,,,-653000.000,1063000.000,,,,,
OtherComprehensiveIncomeLossBeforeReclassificationsBeforeTax,,,,,,,-8000.000,,,
OtherComprehensiveIncomeLossBeforeReclassificationsNetOfTax,,,,,1254000.000,,,,,
OtherComprehensiveIncomeLossBeforeTax,,,,,1254000.000,,-25000.000,,,
OtherComprehensiveIncomeLossDerivativesQualifyingAsHedgesNetOfTax,,,,-204000.000,191000.000,,31000.000,146000.000,-230000.000,11000.000
OtherComprehensiveIncomeLossDerivativesQualifyingAsHedgesTax,,,,-123000.000,115000.000,,,,,
OtherComprehensiveIncomeLossForeignCurrencyTransactionAndTranslationAdjustmentNetOfTax,,,,,,,-56000.000,174000.000,-742000.000,-422000.000
OtherComprehensiveIncomeLossNetOfTax,,,,-857000.000,1254000.000,,-25000.000,320000.000,-1977000.000,-9723000.000
OtherComprehensiveIncomeLossPensionAndOtherPostretirementBenefitPlansAdjustmentNetOfTax,,,,,,,0.000,0.000,1005000.000,9312000.000
OtherNonoperatingIncomeExpense,,,,-149000.000,315000.000,,15000.000,428000.000,46000.000,-267000.000
PaymentsForRestructuring,,,,,,,44000.000,,,
PaymentsOfStockIssuanceCosts,,,0.000,,,,,,,
PaymentsToAcquireNotesReceivable,,,,,,,0.000,,,
PaymentsToAcquirePropertyPlantAndEquipment,,,,,,,2465000.000,,,
PensionContributions,,,,,,,53000.000,,,
PreferredStockDividendsIncomeStatementImpact,,,,,,,,,539000.000,
ProceedsFromIssuanceInitialPublicOffering,,,73600000.000,,,,,,,
ProceedsFromIssuanceOfWarrants,,,3200000.000,,,,,,,
ProceedsFromIssuanceOrSaleOfEquity,,,0.000,,,,,,,
ProceedsFromRelatedPartyDebt,,,0.000,,,,,,,
ProceedsFromRepaymentsOfLinesOfCredit,,,,,,,19659000.000,,,
ProceedsFromRepaymentsOfShortTermDebt,,,,,,,-892000.000,,,
ProceedsFromSaleMaturityAndCollectionsOfInvestments,,,0.000,,,,,,,
ProfitLoss,,,,,,,-38376000.000,-26917000.000,-49417000.000,-4882000.000
ProvisionForDoubtfulAccounts,,,,,,,53000.000,,,
ReclassificationFromAccumulatedOtherComprehensiveIncomeCurrentPeriodBeforeTax,,,,,,,17000.000,,,
ReclassificationFromAccumulatedOtherComprehensiveIncomeCurrentPeriodNetOfTax,,,,,0.000,,,,,
RepaymentsOfLongTermDebt,,,,,,,926000.000,,,
RepaymentsOfRelatedPartyDebt,,,0.000,,,,,,,
RestructuringCharges,,,,-120000.000,410000.000,,96000.000,95000.000,99000.000,-159000.000
RestructuringReserveTranslationAdjustment,,,,,,,0.000,,,
Revenues,0.000,0.000,0.000,100849000.000,110316000.000,228644000.000,94842000.000,99794000.000,81167000.000,78178000.000
SalesRevenueNet,0.000,0.000,0.000,99236000.000,108652000.000,228644000.000,93246000.000,98179000.000,79536000.000,76616000.000
SellingGeneralAndAdministrativeExpense,,,,18331000.000,20052000.000,,25346000.000,29139000.000,21143000.000,-946000.000
ShareBasedCompensation,,,,39000.000,,,-60000.000,,,
ShareBasedCompensationArrangementByShareBasedPaymentAwardOptionsForfeituresInPeriod,,,,,0.000,,,,,
ShareBasedCompensationArrangementByShareBasedPaymentAwardOptionsGrantsInPeriodGross,,,,,160000.000,,,,,
ShareBasedCompensationArrangementsByShareBasedPaymentAwardOptionsExercisesInPeriodWeightedAverageExercisePrice,,,,,0.000,,,,,
ShareBasedCompensationArrangementsByShareBasedPaymentAwardOptionsForfeituresInPeriodWeightedAverageExercisePrice,,,,,0.000,,,,,
ShareBasedCompensationArrangementsByShareBasedPaymentAwardOptionsGrantsInPeriodWeightedAverageExercisePrice,,,,,13.000,,,,,
SharebasedCompensationArrangementBySharebasedPaymentAwardOptionsVestedNumberOfShares,,,,,2517380.000,,,,,
StockIssuedDuringPeriodSharesStockOptionsExercised,,,,,0.000,,,,,
TaxesOther,62000.000,45000.000,44600.000,,,,,,,
UnrecognizedTaxBenefitsPeriodIncreaseDecrease,,,,,-310000.000,,,,,
WeightedAverageNumberDilutedSharesOutstandingAdjustment,,,,14741166.000,19759567.000,,0.000,0.000,0.000,0.000
WeightedAverageNumberOfDilutedSharesOutstanding,,,,14741166.000,19759567.000,,20548000.000,20559000.000,20571000.000,-41113000.000
WeightedAverageNumberOfSharesOutstandingBasic,,,,14741166.000,19759567.000,,20548000.000,20559000.000,20571000.000,-41113000.000
