,2014-06-30,2014-09-30,2015-03-31,2015-06-30,2015-09-30,2015-12-31,2016-03-31,2016-06-30,2016-09-30,2016-12-31,2017-03-31,2017-06-30
AdjustmentsToAdditionalPaidInCapitalSharebasedCompensationRequisiteServicePeriodRecognitionValue,,,1154000.000,,,,1155000.000,,,,1012000.000,
AllocatedShareBasedCompensationExpense,682000.000,1161000.000,1154000.000,1003000.000,967000.000,1072000.000,1155000.000,1138000.000,976000.000,913000.000,1012000.000,1157000.000
AmortizationOfFinancingCosts,,,153000.000,,,,152000.000,,,,125000.000,
CapitalLeaseObligationsIncurred,,,,,,,929000.000,,,,327000.000,
CashAndCashEquivalentsPeriodIncreaseDecrease,,,286000.000,,,,2066000.000,,,,217000.000,
CostsAndExpenses,13217000.000,19795000.000,20774000.000,20922000.000,24185000.000,27488000.000,21888000.000,18256000.000,21174000.000,27675000.000,25829000.000,26869000.000
DeferredIncomeTaxExpenseBenefit,,,0.000,,,,4000.000,,,,46000.000,
DepreciationAmortizationAndAccretionNet,,,4289000.000,,,,5825000.000,,,,6256000.000,
DepreciationAndAmortization,3901000.000,4216000.000,4289000.000,5169000.000,5635000.000,6058000.000,5825000.000,5816000.000,6010000.000,6157000.000,6256000.000,6335000.000
DerivativeInstrumentsNotDesignatedAsHedgingInstrumentsGainLossNet,1377000.000,-611000.000,0.000,0.000,0.000,0.000,,,,,,
DirectOperatingCosts,9283000.000,11909000.000,13106000.000,12057000.000,12526000.000,14398000.000,12567000.000,7398000.000,11246000.000,12066000.000,14898000.000,15808000.000
DisposalGroupNotDiscontinuedOperationGainLossOnDisposal,,,,,,,,,,,,-800000.000
DisposalGroupNotDiscontinuedOperationLossGainOnWriteDown,-2000.000,52000.000,393000.000,-59000.000,2268000.000,338000.000,-125000.000,37000.000,676000.000,1354000.000,828000.000,745000.000
EarningsPerShareBasic,0.130,-0.070,0.060,-0.030,-0.140,,,,,,,
EarningsPerShareBasicAndDiluted,,,,,,,-0.020,-0.120,-0.190,-0.340,-0.170,-0.170
EarningsPerShareDiluted,0.130,-0.070,0.060,-0.030,-0.140,,,,,,,
EffectiveIncomeTaxRateContinuingOperations,,,0.127,-0.171,0.088,-0.004,-0.010,-0.007,-0.004,0.030,-0.007,-0.005
EmployeeServiceShareBasedCompensationAllocationOfRecognizedPeriodCostsCapitalizedAmount,,184000.000,221000.000,200000.000,229000.000,,0.000,0.000,0.000,0.000,0.000,0.000
FairValueInputsDiscountRate,,,,,,,0.084,,,,0.049,
ImpairmentOfLongLivedAssetsHeldForUse,-2038000.000,0.000,-841000.000,0.000,0.000,3549000.000,0.000,,,,129000.000,546000.000
IncomeLossFromContinuingOperationsBeforeIncomeTaxesExtraordinaryItemsNoncontrollingInterest,2223000.000,-1765000.000,1220000.000,-557000.000,-3703000.000,-5165000.000,-410000.000,-4160000.000,-7166000.000,-10240000.000,-6223000.000,-6270000.000
IncomeTaxExpenseBenefit,667000.000,-352000.000,-155000.000,95000.000,-326000.000,61000.000,4000.000,31000.000,32000.000,135000.000,46000.000,34000.000
IncomeTaxesPaid,,,0.000,,,,,,,,,
IncreaseDecreaseInAccountsPayableAndAccruedLiabilities,,,-1080000.000,,,,-3026000.000,,,,-1780000.000,
IncreaseDecreaseInAccruedIncomeTaxesPayable,,,-155000.000,,,,0.000,,,,,
IncreaseDecreaseInInventories,,,67000.000,,,,47000.000,,,,75000.000,
IncreaseDecreaseInPrepaidDeferredExpenseAndOtherAssets,,,811000.000,,,,110000.000,,,,885000.000,
IncreaseDecreaseInReceivables,,,-1055000.000,,,,-3807000.000,,,,807000.000,
InsuranceRecoveries,,,,,,,,0.000,0.000,,,
InterestIncomeExpenseNet,-598000.000,-482000.000,-312000.000,-717000.000,-862000.000,-1363000.000,-977000.000,-1059000.000,-456000.000,-553000.000,-630000.000,-686000.000
InterestPaid,,,603000.000,,,,944000.000,,,,510000.000,
InventoryWriteDown,,,0.000,,,,,,,,,
LongTermPurchaseCommitmentAmount,,,,,,,27200000.000,,,,,
NetCashProvidedByUsedInFinancingActivities,,,13260000.000,,,,-126000.000,,,,10269000.000,
NetCashProvidedByUsedInFinancingActivitiesContinuingOperations,,,13260000.000,,,,-126000.000,,,,10269000.000,
NetCashProvidedByUsedInInvestingActivities,,,-18291000.000,,,,-5029000.000,,,,-8632000.000,
NetCashProvidedByUsedInInvestingActivitiesContinuingOperations,,,-18291000.000,,,,-5029000.000,,,,-8632000.000,
NetCashProvidedByUsedInOperatingActivities,,,5317000.000,,,,7221000.000,,,,-1420000.000,
NetCashProvidedByUsedInOperatingActivitiesContinuingOperations,,,5317000.000,,,,7221000.000,,,,-1420000.000,
NetIncomeLoss,1556000.000,-1413000.000,1375000.000,-652000.000,-3377000.000,-5226000.000,-414000.000,-4191000.000,-7198000.000,-10375000.000,-6269000.000,-6304000.000
OperatingIncomeLoss,1444000.000,-672000.000,1532000.000,160000.000,-2841000.000,-3802000.000,567000.000,-3101000.000,-6710000.000,-9687000.000,-5593000.000,-5584000.000
PaymentsForRepurchaseOfEquity,,,,,,,,,,,24000.000,
PaymentsOfFinancingCosts,,,161000.000,,,,0.000,,,,,
PaymentsRelatedToTaxWithholdingForShareBasedCompensation,,,,,,,,,,,455000.000,
PaymentsToAcquirePropertyPlantAndEquipment,,,21283000.000,,,,5677000.000,,,,8645000.000,
ProceedsFromInsuranceSettlementInvestingActivities,,,2899000.000,,,,0.000,,,,,
ProceedsFromLinesOfCredit,,,39760000.000,,,,26949000.000,,,,13457000.000,
ProceedsFromSaleOfPropertyPlantAndEquipment,,,93000.000,,,,648000.000,,,,13000.000,
ProvisionForDoubtfulAccounts,,,73000.000,,,,0.000,,,,,
RepaymentsOfLinesOfCredit,,,26339000.000,,,,26937000.000,,,,2600000.000,
RepaymentsOfLongTermCapitalLeaseObligations,,,,,,,138000.000,,,,109000.000,
Revenues,14661000.000,19123000.000,22306000.000,21082000.000,21344000.000,23686000.000,22455000.000,15155000.000,14464000.000,17988000.000,20236000.000,21285000.000
SalesRevenueNet,14661000.000,19123000.000,22306000.000,21082000.000,21344000.000,23686000.000,22455000.000,15155000.000,14464000.000,17988000.000,20236000.000,21285000.000
SellingGeneralAndAdministrativeExpense,2073000.000,3618000.000,3827000.000,3755000.000,3756000.000,3145000.000,3621000.000,5005000.000,3242000.000,4276000.000,3718000.000,3435000.000
ShareBasedCompensation,,,933000.000,,,,1155000.000,,,,,
ShareBasedCompensationArrangementByShareBasedPaymentAwardEquityInstrumentsOtherThanOptionsForfeitedInPeriod,,,0.000,,,,0.000,,,,,
ShareBasedCompensationArrangementByShareBasedPaymentAwardEquityInstrumentsOtherThanOptionsForfeituresWeightedAverageGrantDateFairValue,,,0.000,,,,0.000,,,,,
ShareBasedCompensationArrangementByShareBasedPaymentAwardEquityInstrumentsOtherThanOptionsGrantsInPeriod,,,0.000,,,,814170.000,,,,,
ShareBasedCompensationArrangementByShareBasedPaymentAwardEquityInstrumentsOtherThanOptionsGrantsInPeriodWeightedAverageGrantDateFairValue,,,0.000,,,,4.010,,,,,
ShareBasedCompensationArrangementByShareBasedPaymentAwardEquityInstrumentsOtherThanOptionsVestedInPeriod,,,0.000,,,,0.000,,,,,
ShareBasedCompensationArrangementByShareBasedPaymentAwardEquityInstrumentsOtherThanOptionsVestedInPeriodWeightedAverageGrantDateFairValue,,,0.000,,,,0.000,,,,,
ShareBasedCompensationArrangementByShareBasedPaymentAwardOptionsForfeituresAndExpirationsInPeriod,,,0.000,,,,0.000,,,,15700.000,
ShareBasedCompensationArrangementByShareBasedPaymentAwardOptionsForfeituresAndExpirationsInPeriodWeightedAverageExercisePrice,,,0.000,,,,0.000,,,,12.740,
ShareBasedCompensationArrangementByShareBasedPaymentAwardOptionsGrantsInPeriodGross,,,0.000,,,,0.000,,,,0.000,
ShareBasedCompensationArrangementByShareBasedPaymentAwardOptionsGrantsInPeriodWeightedAverageGrantDateFairValue,,,0.000,,,,0.000,,,,,
ShareBasedCompensationArrangementsByShareBasedPaymentAwardOptionsExercisesInPeriodWeightedAverageExercisePrice,,,0.000,,,,0.000,,,,0.000,
ShareBasedCompensationArrangementsByShareBasedPaymentAwardOptionsGrantsInPeriodWeightedAverageExercisePrice,,,0.000,,,,0.000,,,,0.000,
SharebasedCompensationArrangementBySharebasedPaymentAwardOptionsNonvestedOptionsForfeitedWeightedAverageGrantDateFairValue,,,0.000,,,,0.000,,,,,
SharebasedCompensationArrangementBySharebasedPaymentAwardOptionsVestedNumberOfShares,,,198605.000,,,,29830.000,,,,,
SharebasedCompensationArrangementBySharebasedPaymentAwardOptionsVestedWeightedAverageGrantDateFairValue,,,4.840,,,,4.270,,,,,
StockIssuedDuringPeriodSharesStockOptionsExercised,,,0.000,,,,0.000,,,,0.000,
StockIssuedDuringPeriodValueRestrictedStockAwardForfeitures,,,0.000,,,,,,,,,
StockIssuedDuringPeriodValueRestrictedStockAwardNetOfForfeitures,,,,,,,,,,,-455000.000,
StockRepurchasedDuringPeriodValue,,,,,,,,,,,24000.000,
WeightedAverageNumberDilutedSharesOutstandingAdjustment,43000.000,0.000,0.000,0.000,0.000,0.000,0.000,0.000,0.000,0.000,0.000,0.000
WeightedAverageNumberOfDilutedSharesOutstanding,12306000.000,19174000.000,24629000.000,23851000.000,23920000.000,-48496000.000,24015000.000,33608000.000,37387000.000,-61892000.000,37546000.000,37679000.000
WeightedAverageNumberOfShareOutstandingBasicAndDiluted,,,24629000.000,,,,24015000.000,33608000.000,37387000.000,-61892000.000,37546000.000,37679000.000
WeightedAverageNumberOfSharesOutstandingBasic,12263000.000,19174000.000,24629000.000,23851000.000,23920000.000,-48496000.000,24015000.000,33608000.000,37387000.000,-61892000.000,37546000.000,37679000.000
