,2012-06-29,2012-09-28,2013-03-29,2013-06-28,2013-09-27,2014-03-31,2014-06-30,2014-09-30,2014-12-31,2015-03-31,2015-06-30,2015-09-30,2015-12-31,2016-04-01,2016-07-01,2016-09-30,2016-12-31,2017-03-31
AllocatedShareBasedCompensationExpense,,,2622000.000,,,2727000.000,,,,,,,,,,,,
AmortizationOfFinancingCosts,,,891000.000,,,405000.000,,,,5724000.000,,,,2242000.000,,,,2133000.000
AmortizationOfIntangibleAssets,3275000.000,3276000.000,2181000.000,2182000.000,2181000.000,3303000.000,3852000.000,3851000.000,3850000.000,6546000.000,12962000.000,12944000.000,12770000.000,11379000.000,8428000.000,8428000.000,8256000.000,8121000.000
AntidilutiveSecuritiesExcludedFromComputationOfEarningsPerShareAmount,,,,,0.000,0.000,0.000,0.000,0.000,671602.000,0.000,,,629140.000,0.000,866132.000,-728337.000,0.000
BusinessAcquisitionsProFormaNetIncomeLoss,,,,,,,,,,,45018000.000,40443000.000,,,,,,
BusinessAcquisitionsProFormaRevenue,,,,,,,,,,,574368000.000,569108000.000,,,,,,
CashAndCashEquivalentsPeriodIncreaseDecrease,,,11707000.000,,,-17785000.000,,,,25100000.000,,,,9376000.000,,,,-23361000.000
ComprehensiveIncomeNetOfTax,,,,,,,,,,-13520000.000,13032000.000,4122000.000,-237197000.000,-2659000.000,3731000.000,-16234000.000,6719000.000,7093000.000
ComprehensiveIncomeNetOfTaxAttributableToNoncontrollingInterest,,,,,,,,,,726000.000,2374000.000,1264000.000,749000.000,1105000.000,1560000.000,1423000.000,650000.000,815000.000
ComprehensiveIncomeNetOfTaxIncludingPortionAttributableToNoncontrollingInterest,,,,,,,,,,-12794000.000,15406000.000,5386000.000,-236448000.000,-1554000.000,5291000.000,-14811000.000,7369000.000,7908000.000
CostOfRevenue,366057000.000,359035000.000,315491000.000,328103000.000,289280000.000,,,,,,,,,,,,,
CostsAndExpenses,402514000.000,822083000.000,331788000.000,348039000.000,309181000.000,319139000.000,340578000.000,318294000.000,306160000.000,402344000.000,537671000.000,535960000.000,799096000.000,496306000.000,500369000.000,474931000.000,482351000.000,451466000.000
CostsAndExpensesRelatedParty,46413000.000,4888000.000,,,,,,,,,,,,,,,,
DeferredIncomeTaxExpenseBenefit,,,3783000.000,,,2195000.000,,,,,,,,,,,,6319000.000
DeferredIncomeTaxesAndTaxCredits,,,,,,,,,,9049000.000,,,,183000.000,,,,
DefinedBenefitPlanAmortizationOfGainsLosses,,,,,,,,,,-49000.000,-67000.000,-57000.000,,-82000.000,-64000.000,-73000.000,,-81000.000
DefinedBenefitPlanContributionsByEmployer,,,,,,,,,,,,,,,,,,3000000.000
DefinedBenefitPlanExpectedReturnOnPlanAssets,,,,,,970000.000,1456000.000,1457000.000,,1466000.000,1451000.000,1458000.000,,953000.000,954000.000,953000.000,,888000.000
DefinedBenefitPlanInterestCost,,,,,,652000.000,979000.000,979000.000,,991000.000,1007000.000,1000000.000,,946000.000,559000.000,753000.000,,744000.000
DefinedBenefitPlanNetPeriodicBenefitCost,,,,,,-318000.000,-477000.000,-478000.000,,-426000.000,-377000.000,-401000.000,,75000.000,72000.000,74000.000,,143000.000
DefinedBenefitPlanServiceCost,,,,,,,,,,,,,,,403000.000,201000.000,,206000.000
DefinedBenefitPlansEstimatedFutureEmployerContributionsInNextFiscalYear,,,,,,1900000.000,,,,,,,,,,,,
Depreciation,,,3393000.000,,,4643000.000,,,,,,,,,,,,
DepreciationDepletionAndAmortization,,,,,,,,,,8457000.000,,,,13815000.000,,,,10861000.000
DirectOperatingCosts,,,,328103000.000,289280000.000,292389000.000,311686000.000,293039000.000,272167000.000,343465000.000,486635000.000,486382000.000,463227000.000,449330000.000,456902000.000,435594000.000,436018000.000,415023000.000
DiscontinuedOperationIncomeLossFromDiscontinuedOperationBeforeIncomeTax,,-469000.000,,,,,,,,,,,,,,,,
EarningsPerShareBasic,,,0.820,0.770,0.710,0.520,0.640,0.770,0.140,-0.550,0.360,0.100,-6.930,-0.090,0.070,-0.460,0.190,0.190
EarningsPerShareBasicAndDiluted,,-25.800,,,,,,,,,,,,,,,,
EarningsPerShareDiluted,,,0.790,0.740,0.680,0.500,0.610,0.730,0.130,-0.550,0.350,0.100,-6.920,-0.090,0.070,-0.460,0.190,0.180
EffectiveIncomeTaxRateContinuingOperations,0.394,,0.388,0.394,0.382,0.410,0.376,0.390,-0.742,0.310,-1.165,-0.511,1.594,0.298,0.322,-0.096,-0.214,0.393
ExcessTaxBenefitFromShareBasedCompensationFinancingActivities,,,,,,1368000.000,,,,4138000.000,,,,0.000,,,,
ExcessTaxBenefitFromShareBasedCompensationOperatingActivities,,,,,,,,,,,,,,,,,,416000.000
GainLossOnDispositionOfAssets,,,,,,,,,,,,,,,,,,570000.000
GoodwillAcquiredDuringPeriod,,,,,,165000000.000,165000000.000,,,,,,,,,,,
GoodwillImpairmentLoss,,426436000.000,,,,,,,,,,,,,,,,
GoodwillPeriodIncreaseDecrease,,,,,,,,2000000.000,,,,,,,,,,
IncomeLossFromContinuingOperations,,-418917000.000,14779000.000,14288000.000,14057000.000,,,,,,,,,,,,,
IncomeLossFromContinuingOperationsBeforeIncomeTaxesExtraordinaryItemsNoncontrollingInterest,,,,23580000.000,22756000.000,16628000.000,20020000.000,23358000.000,10641000.000,-18318000.000,7146000.000,3253000.000,-290387000.000,-3027000.000,5978000.000,-13986000.000,2236000.000,12758000.000
IncomeLossFromContinuingOperationsBeforeIncomeTaxesMinorityInterestAndIncomeLossFromEquityMethodInvestments,30139000.000,,,,,,,,,,,,,,,,,
IncomeLossFromContinuingOperationsPerBasicAndDilutedShare,,-25.780,,,,,,,,,,,,,,,,
IncomeLossFromContinuingOperationsPerBasicShare,,,0.820,0.770,0.710,,,,,,,,,,,,,
IncomeLossFromContinuingOperationsPerDilutedShare,,,0.790,0.740,0.680,,,,,,,,,,,,,
IncomeLossFromDiscontinuedOperationsNetOfTax,,-308000.000,,,,,,,,,,,,,,,,
IncomeLossFromDiscontinuedOperationsNetOfTaxPerBasicAndDilutedShare,,-0.020,,,,,,,,,,,,,,,,
IncomeLossFromOperationsBeforeExtraordinaryItemsPerBasicAndDilutedShare,,-25.800,,,,,,,,,,,,,,,,
IncomeTaxExpenseBenefit,12640000.000,1378000.000,9353000.000,9292000.000,8699000.000,6811000.000,7528000.000,9115000.000,7183000.000,-5677000.000,-8324000.000,-1661000.000,-52405000.000,-902000.000,1924000.000,1348000.000,-5100000.000,5010000.000
IncomeTaxesPaid,,,,,,,,,,,358000.000,,,,,,,
IncreaseDecreaseInAccountsPayableTrade,,,6760000.000,,,1928000.000,,,,-18370000.000,,,,7003000.000,,,,7811000.000
IncreaseDecreaseInAccountsReceivable,,,12811000.000,,,-1224000.000,,,,363000.000,,,,-3578000.000,,,,21296000.000
IncreaseDecreaseInAccruedLiabilities,,,-2966000.000,,,-4656000.000,,,,-2871000.000,,,,5619000.000,,,,-3144000.000
IncreaseDecreaseInEmployeeRelatedLiabilities,,,1268000.000,,,-2048000.000,,,,-40942000.000,,,,13997000.000,,,,-8122000.000
IncreaseDecreaseInOtherCurrentAssets,,,-358000.000,,,2416000.000,,,,-144000.000,,,,91000.000,,,,-130000.000
IncreaseDecreaseInOtherOperatingLiabilities,,,-1753000.000,,,-4241000.000,,,,-3009000.000,,,,-3471000.000,,,,-16474000.000
IncreaseDecreaseInRestructuringReserve,,,,,,,,,,10499000.000,,,,5391000.000,,,,346000.000
IncrementalCommonSharesAttributableToShareBasedPaymentArrangements,,,,755000.000,855000.000,901000.000,929000.000,914000.000,-1826000.000,0.000,432000.000,513000.000,-945000.000,0.000,623000.000,,,985000.000
InterestExpense,,4833000.000,5784000.000,5757000.000,7558000.000,3057000.000,3139000.000,3342000.000,3261000.000,18594000.000,30734000.000,31261000.000,29554000.000,29439000.000,29064000.000,50855000.000,21827000.000,20921000.000
LineOfCreditFacilityAverageOutstandingAmount,,,,,,,,,,,,,,,,,,1111000000.000
LineOfCreditFacilityInterestRateDuringPeriod,,,,,,,,,,,,,,,,,,0.062
NetCashProvidedByUsedInFinancingActivities,,,-864000.000,,,178069000.000,,,,47577000.000,,,,-16476000.000,,,,-35370000.000
NetCashProvidedByUsedInFinancingActivitiesContinuingOperations,,,-864000.000,,,178069000.000,,,,47577000.000,,,,-16476000.000,,,,-35370000.000
NetCashProvidedByUsedInInvestingActivities,,,-190000.000,,,-207536000.000,,,,25232000.000,,,,-3879000.000,,,,24402000.000
NetCashProvidedByUsedInInvestingActivitiesContinuingOperations,,,-190000.000,,,-207536000.000,,,,25232000.000,,,,-3879000.000,,,,24402000.000
NetCashProvidedByUsedInOperatingActivities,,,12761000.000,,,11682000.000,,,,-47709000.000,,,,29731000.000,,,,-12393000.000
NetCashProvidedByUsedInOperatingActivitiesContinuingOperations,,,12761000.000,,,11682000.000,,,,-47709000.000,,,,29731000.000,,,,-12393000.000
NetIncomeLoss,14998000.000,-420305000.000,13778000.000,13062000.000,12008000.000,8871000.000,10905000.000,13161000.000,2486000.000,-13367000.000,13096000.000,3650000.000,-238731000.000,-3230000.000,2494000.000,-16757000.000,6686000.000,6933000.000
NetIncomeLossAttributableToNoncontrollingInterest,2501000.000,1080000.000,1001000.000,1226000.000,2049000.000,946000.000,1587000.000,1082000.000,972000.000,726000.000,2374000.000,1264000.000,749000.000,1105000.000,1560000.000,1423000.000,650000.000,815000.000
OperatingIncomeLoss,30319000.000,-412699000.000,29887000.000,29293000.000,30121000.000,19685000.000,23112000.000,26767000.000,13356000.000,303000.000,37824000.000,34499000.000,-262074000.000,26473000.000,35063000.000,36869000.000,24061000.000,33749000.000
OtherComprehensiveIncomeLossNetOfTax,,,,,,,,,,,-64000.000,472000.000,,571000.000,1237000.000,523000.000,33000.000,160000.000
OtherComprehensiveIncomeLossPensionAndOtherPostretirementBenefitPlansAdjustmentBeforeReclassificationAdjustmentsNetOfTax,,,,,,,,,,,,,,,,,,16000.000
OtherComprehensiveIncomeLossPensionAndOtherPostretirementBenefitPlansAdjustmentNetOfTax,,,,,,,,,,153000.000,548000.000,0.000,-1062000.000,0.000,-632000.000,,,
OtherComprehensiveIncomeLossReclassificationAdjustmentFromAOCIPensionAndOtherPostretirementBenefitPlansTax,,,,,,,,,,-97000.000,-350000.000,,,,-253000.000,,,10000.000
OtherComprehensiveIncomeUnrealizedGainLossOnDerivativesArisingDuringPeriodNetOfTax,,,,,,,,,,,484000.000,472000.000,,571000.000,605000.000,523000.000,2815000.000,176000.000
OtherComprehensiveIncomeUnrealizedGainLossOnDerivativesArisingDuringPeriodTax,,,,,,,,,,,310000.000,301000.000,,365000.000,385000.000,334000.000,1796000.000,113000.000
OtherNonoperatingIncomeExpense,-180000.000,-7000.000,29000.000,44000.000,193000.000,0.000,47000.000,-67000.000,546000.000,-27000.000,56000.000,15000.000,1241000.000,-61000.000,-21000.000,,,-70000.000
PaymentsForRestructuring,,,,,,571000.000,,,,624000.000,,,,5690000.000,,,,1895000.000
PaymentsOfDebtIssuanceCosts,,,,,,1106000.000,,,,42425000.000,,,,,,,,
PaymentsOfOrdinaryDividends,,,,,,,,,,201400000.000,,,,1661000.000,,,,407000.000
PaymentsOfStockIssuanceCosts,,,,,,,,,,1725000.000,,,,0.000,,,,
PaymentsRelatedToTaxWithholdingForShareBasedCompensation,,,1028000.000,,,2353000.000,,,,5953000.000,,,,1770000.000,,,,41000.000
PaymentsToAcquireBusinessesNetOfCashAcquired,,,,,,207250000.000,,,,-25478000.000,,,,0.000,,,,
PaymentsToAcquirePropertyPlantAndEquipment,,,190000.000,,,286000.000,,,,246000.000,,,,3879000.000,,,,1505000.000
PaymentsToMinorityShareholders,,,,,,2495000.000,,,,,,,,1747000.000,,,,2586000.000
ProceedsFromDivestitureOfBusinessesNetOfCashDivested,,,,,,,,,,,,,,,,,,25405000.000
ProceedsFromIssuanceOfLongTermDebt,,,,,,,,,,585000000.000,,,,,,,,
ProceedsFromIssuanceOfSecuredDebt,,,,,,75000000.000,,,,,,,,,,,,
ProceedsFromIssuanceOfSharesUnderIncentiveAndShareBasedCompensationPlansIncludingStockOptions,,,164000.000,,,93000.000,,,,279000.000,,,,,,,,
ProceedsFromLinesOfCredit,,,,,,190500000.000,,,,107000000.000,,,,15000000.000,,,,129000000.000
ProceedsFromSaleOfProductiveAssets,,,,,,,,,,,,,,,,,,2000000.000
ProceedsFromSaleOfPropertyPlantAndEquipment,,,,,,,,,,,,,,,,,,2902000.000
ProfitLoss,17499000.000,-419225000.000,14779000.000,14288000.000,14057000.000,9817000.000,12492000.000,14243000.000,3458000.000,-12641000.000,15470000.000,4914000.000,-237982000.000,-2125000.000,4054000.000,-15334000.000,7336000.000,7748000.000
ProvisionForDoubtfulAccounts,,,,,,,,,,,,,,,,,,174000.000
RelatedPartyTransactionPurchasesFromRelatedParty,46400000.000,4900000.000,,,,,,,,,,,,,,,,
RepaymentsOfDebt,,,,,,79500000.000,,,,60000000.000,,,,15000000.000,,,,129000000.000
RepaymentsOfLongTermDebt,,,,,,,,,,337337000.000,,,,11298000.000,,,,32336000.000
RepaymentsOfSecuredDebt,,,,,,3438000.000,,,,,,,,,,,,
RestructuringCosts,,,,,,,1000000.000,,,,,,,,,,,
RestructuringReserveSettledWithCash,,,2993000.000,,,,,,,,,,,,,,,
RevenueFromRelatedParties,46413000.000,4888000.000,,,,,,,,,,,,,,,,
Revenues,432833000.000,409384000.000,361675000.000,377332000.000,339302000.000,338824000.000,363690000.000,345061000.000,319516000.000,402647000.000,575495000.000,570459000.000,537022000.000,522779000.000,535432000.000,511800000.000,506412000.000,485215000.000
SalesRevenueNet,432833000.000,409384000.000,361675000.000,377332000.000,339302000.000,338824000.000,363690000.000,345061000.000,319516000.000,402647000.000,575495000.000,570459000.000,537022000.000,522779000.000,535432000.000,511800000.000,506412000.000,485215000.000
SellingGeneralAndAdministrativeExpense,36457000.000,36612000.000,16297000.000,19936000.000,19901000.000,26750000.000,28892000.000,25255000.000,33993000.000,58879000.000,51036000.000,49578000.000,43769000.000,46976000.000,43467000.000,39337000.000,36458000.000,36443000.000
ShareBasedCompensation,,,,,,,,,,5293000.000,,,,2756000.000,,,,1637000.000
WeightedAverageNumberOfDilutedSharesOutstanding,,16291000.000,17382000.000,17625000.000,17770000.000,17894000.000,18023000.000,18065000.000,-35964000.000,24379000.000,37009000.000,37136000.000,-64988000.000,36715000.000,37350000.000,36735000.000,-74070000.000,37766000.000
WeightedAverageNumberOfShareOutstandingBasicAndDiluted,,16291000.000,,,,,,,,,,,,,,,,
WeightedAverageNumberOfSharesOutstandingBasic,,16291000.000,16781000.000,16870000.000,16915000.000,16993000.000,17094000.000,17151000.000,-34138000.000,24379000.000,36577000.000,36623000.000,-64043000.000,36715000.000,36727000.000,36735000.000,-73447000.000,36781000.000
