,2012-06-26,2012-09-25,2013-03-26,2013-06-25,2013-09-24,2014-04-01,2014-07-01,2014-09-30,2014-12-30,2015-03-31,2015-06-30,2015-09-29,2015-12-29,2016-03-29,2016-06-28,2016-09-27,2016-12-27
AmortizationOfFinancingCostsAndDiscounts,,,829000.000,,,1013000.000,,,,953000.000,,,,1138000.000,,,
AmortizationOfIntangibleAssets,3600000.000,3500000.000,3600000.000,3600000.000,3800000.000,4200000.000,4200000.000,4600000.000,4300000.000,4400000.000,4600000.000,4500000.000,4400000.000,4500000.000,4500000.000,4700000.000,4900000.000
AssetImpairmentCharges,,,,,,,,,,,3730000.000,1050000.000,,321000.000,2253000.000,1392000.000,
BusinessAcquisitionsProFormaNetIncomeLoss,,,,,,,,306000.000,,,,,,,,,
BusinessAcquisitionsProFormaRevenue,8500000.000,8400000.000,,,,,,302326000.000,,,,,,,,,
CashAndCashEquivalentsPeriodIncreaseDecrease,,,26568000.000,,,-12649000.000,,,,11649000.000,,,,13134000.000,,,
ConstructionInProgressExpendituresIncurredButNotYetPaid,,,,,,,,,,,,,,1950000.000,,,
CostOfGoodsSoldDirectLabor,,,75590000.000,70449000.000,72773000.000,83469000.000,80957000.000,84431000.000,85813000.000,88645000.000,88363000.000,87127000.000,84660000.000,90977000.000,85286000.000,87218000.000,86320000.000
CostOfGoodsSoldDirectMaterials,,,76848000.000,71793000.000,74144000.000,88087000.000,86605000.000,89114000.000,87698000.000,85725000.000,84605000.000,85541000.000,86474000.000,87481000.000,82755000.000,85512000.000,84705000.000
CostsAndExpenses,242839000.000,,253118000.000,241044000.000,248522000.000,281856000.000,279603000.000,292626000.000,291485000.000,293021000.000,296885000.000,295929000.000,294736000.000,301767000.000,291235000.000,300536000.000,292221000.000
CurrentIncomeTaxExpenseBenefit,,,2400000.000,,,1300000.000,,,,700000.000,,,,-1200000.000,274000.000,-2137000.000,
DeferredIncomeTaxExpenseBenefit,,,350000.000,,,-906000.000,,,,-2614000.000,,,,-3072000.000,,,
DeferredStateAndLocalIncomeTaxExpenseBenefit,,,,,,1200000.000,,,,,,,,,,,
DepreciationAndAmortization,,,4393000.000,4480000.000,4747000.000,5097000.000,5097000.000,5343000.000,5192000.000,5247000.000,5262000.000,5316000.000,5345000.000,5277000.000,5312000.000,5634000.000,5736000.000
DepreciationDepletionAndAmortization,,,12950000.000,,,15048000.000,,,,14933000.000,,,,16824000.000,,,
EffectiveIncomeTaxRateContinuingOperations,,,0.152,,,0.302,,,,0.131,,,,,,,
GainsLossesOnExtinguishmentOfDebt,-5144000.000,,,0.000,,,,,,,,,,,,,
GeneralAndAdministrativeExpense,,,14424000.000,15097000.000,14637000.000,15459000.000,15684000.000,15932000.000,16138000.000,16702000.000,17412000.000,17773000.000,19742000.000,18449000.000,18665000.000,19387000.000,20058000.000
GoodwillAcquiredDuringPeriod,,,,,,15000.000,,,,,,,,,,,
ImpairmentOfLongLivedAssetsHeldForUse,,,,,,,,,,,3730000.000,,,321000.000,,,
IncomeLossFromContinuingOperationsBeforeIncomeTaxesMinorityInterestAndIncomeLossFromEquityMethodInvestments,4111000.000,,15611000.000,10677000.000,2040000.000,4235000.000,-3739000.000,-3371000.000,-3899000.000,5722000.000,-1141000.000,-5517000.000,1880000.000,6430000.000,1545000.000,-6630000.000,4641000.000
IncomeLossFromEquityMethodInvestments,,,,,,0.000,,0.000,,0.000,0.000,0.000,0.000,0.000,0.000,0.000,0.000
IncomeTaxExpenseBenefit,1122000.000,,2367000.000,2589000.000,-522000.000,1279000.000,-2365000.000,-3533000.000,-3827000.000,747000.000,-1213000.000,-3401000.000,-1901000.000,-1229000.000,274000.000,-2137000.000,349000.000
IncomeTaxReconciliationIncomeTaxExpenseBenefitAtFederalStatutoryIncomeTaxRate,,,,,,100000.000,,,,,,,,,,,
IncomeTaxReconciliationPriorYearIncomeTaxes,,,1400000.000,,,,,,,,,,,,,,
IncomeTaxesPaidNet,,,-2104000.000,,,581000.000,,,,-1685000.000,,,,0.000,,,
IncreaseDecreaseInAccountsPayable,,,3340000.000,,,-2181000.000,,,,-2470000.000,,,,-490000.000,,,
IncreaseDecreaseInAccountsReceivable,,,-6711000.000,,,-4135000.000,,,,-1449000.000,,,,-1576000.000,,,
IncreaseDecreaseInAccruedIncomeTaxesPayable,,,4358000.000,,,1562000.000,,,,5047000.000,,,,1835000.000,,,
IncreaseDecreaseInAccruedLiabilities,,,814000.000,,,6607000.000,,,,6225000.000,,,,6714000.000,,,
IncreaseDecreaseInInsuranceLiabilities,,,-26000.000,,,537000.000,,,,1096000.000,,,,883000.000,,,
IncreaseDecreaseInInterestPayableNet,,,-3231000.000,,,-3553000.000,,,,-7878000.000,,,,-5358000.000,,,
IncreaseDecreaseInInventories,,,528000.000,,,569000.000,,,,-824000.000,,,,-543000.000,,,
IncreaseDecreaseInOtherDeferredLiability,,,-223000.000,,,-336000.000,,,,162000.000,,,,-182000.000,,,
IncreaseDecreaseInOtherOperatingAssets,,,10000.000,,,70000.000,,,,47000.000,,,,100000.000,,,
IncreaseDecreaseInPrepaidDeferredExpenseAndOtherAssets,,,1867000.000,,,-466000.000,,,,-772000.000,,,,-461000.000,,,
InterestExpense,11467000.000,,10240000.000,10237000.000,10243000.000,10162000.000,10042000.000,10344000.000,10553000.000,10465000.000,10492000.000,10240000.000,10587000.000,11337000.000,11205000.000,11174000.000,11107000.000
InterestPaid,,,12603000.000,,,12662000.000,,,,17350000.000,,,,15544000.000,,,
NetCashProvidedByUsedInFinancingActivities,,,-640000.000,,,-18500000.000,,,,-2079000.000,,,,-1040000.000,,,
NetCashProvidedByUsedInFinancingActivitiesContinuingOperations,,,-640000.000,,,-18500000.000,,,,-2079000.000,,,,-1040000.000,,,
NetCashProvidedByUsedInInvestingActivities,,,-9590000.000,,,-18922000.000,,,,-10722000.000,,,,-14434000.000,,,
NetCashProvidedByUsedInInvestingActivitiesContinuingOperations,,,-9590000.000,,,-18922000.000,,,,-10722000.000,,,,-14434000.000,,,
NetCashProvidedByUsedInOperatingActivities,,,36798000.000,,,24773000.000,,,,24450000.000,,,,28608000.000,,,
NetCashProvidedByUsedInOperatingActivitiesContinuingOperations,,,36798000.000,,,24773000.000,,,,24450000.000,,,,28608000.000,,,
NetIncomeLoss,2989000.000,,13244000.000,8088000.000,2562000.000,2956000.000,-1374000.000,162000.000,-72000.000,4975000.000,72000.000,-2116000.000,3781000.000,7659000.000,1271000.000,-4493000.000,4292000.000
OperatingIncomeLoss,20722000.000,,25851000.000,20914000.000,12283000.000,14397000.000,6303000.000,6973000.000,6654000.000,16187000.000,9351000.000,4723000.000,12467000.000,17767000.000,12750000.000,4544000.000,15748000.000
OtherCostAndExpenseOperating,,,81730000.000,78809000.000,82028000.000,89439000.000,91305000.000,97443000.000,96493000.000,95717000.000,97158000.000,99275000.000,97037000.000,99355000.000,97060000.000,101242000.000,94744000.000
OtherGeneralExpense,,,133000.000,416000.000,193000.000,305000.000,-45000.000,363000.000,151000.000,985000.000,355000.000,-153000.000,-1211000.000,-93000.000,,,
OtherNoncashIncomeExpense,,,-87000.000,,,-64000.000,,,,-1023000.000,,,,144000.000,,,
OtherOperatingIncomeExpenseNet,,,,,,,,,,,,,,,96000.000,-151000.000,
PaymentsOfDebtIssuanceCosts,,,38000.000,,,0.000,,,,,,,,,,,
PaymentsOfDistributionsToAffiliates,,,,,,0.000,,,,,,,,0.000,,,
PaymentsToAcquireBusinessesAndInterestInAffiliates,,,0.000,,,,,,,,,,,,,,
PaymentsToAcquireBusinessesNetOfCashAcquired,,,0.000,,,,,,,,,,,7963000.000,,,
PaymentsToAcquireInterestInSubsidiariesAndAffiliates,,,,,,0.000,,,,0.000,,,,0.000,,,
PaymentsToAcquireProductiveAssets,,,9630000.000,,,19246000.000,,,,11018000.000,,,,10973000.000,,,
ProceedsFromContributionsFromParent,,,,,,,,,,0.000,,,,,,,
ProceedsFromIssuanceOfDebt,,,0.000,,,,,,,,,,,,,,
ProceedsFromLinesOfCredit,,,0.000,,,39500000.000,,,,59000000.000,,,,0.000,,,
ProceedsFromPartnershipContribution,,,0.000,,,,,,,,,,,,,,
ProceedsFromPaymentsForOtherFinancingActivities,,,,,,-7625000.000,,,,,,,,,,,
ProceedsFromSaleOfPropertyPlantAndEquipment,,,40000.000,,,324000.000,,,,296000.000,,,,164000.000,,,
RepaymentsOfLinesOfCredit,,,0.000,,,46500000.000,,,,59000000.000,,,,0.000,,,
RepaymentsOfLongTermDebt,,,,,,625000.000,,,,2079000.000,,,,1040000.000,,,
RepaymentsOfOtherLongTermDebt,,,,,,,,,,2079000.000,,,,1040000.000,,,
Revenues,263561000.000,,278969000.000,261958000.000,260805000.000,296253000.000,285906000.000,299599000.000,298139000.000,309208000.000,306236000.000,300652000.000,307203000.000,319534000.000,303985000.000,305080000.000,307969000.000
SaleLeasebackTransactionNetProceeds,,,,,0.000,,,,,,,,,,,,
SaleLeasebackTransactionNetProceedsInvestingActivities,,,,,,,,,,,,,,4338000.000,,,
SalesRevenueGoodsNet,,,264671000.000,249403000.000,249348000.000,282303000.000,273232000.000,287296000.000,285384000.000,295571000.000,292951000.000,288025000.000,293524000.000,305142000.000,290109000.000,291250000.000,294095000.000
SalesRevenueNet,263561000.000,,278969000.000,261958000.000,260805000.000,296253000.000,285906000.000,299599000.000,298139000.000,309208000.000,306236000.000,300652000.000,307203000.000,319534000.000,303985000.000,305080000.000,307969000.000
UnrecognizedTaxBenefitsDecreasesResultingFromPriorPeriodTaxPositions,,,,,,,,,,,,,,,,2400000.000,
