,2013-03-31,2013-06-30,2013-09-30,2014-06-30,2014-09-30,2015-03-31,2015-06-30,2015-09-30,2015-12-31,2016-03-31,2016-06-30,2016-09-30,2016-12-31,2017-03-31
AdvertisingExpense,,,,,,976.000,,,,1025.000,,,,4418.000
AmortizationAndDepreciationOfDecontaminatingAndDecommissioningAssets,,,,,,7296.000,,,,10373.000,,,,
CashPeriodIncreaseDecrease,-2282.000,,,,,-13856.000,,,,77910.000,,,,-21228.000
CostOfGoodsSold,29025.000,40847.000,78520.000,59535.000,53782.000,91965.000,103014.000,119075.000,112926.000,126310.000,108804.000,113572.000,136222.000,105521.000
CostsAndExpenses,49915.000,47487.000,73335.000,,,,,,,,,,,
DebtInstrumentPeriodicPaymentPrincipal,,,,,,,,,,,,,,2090.000
Depreciation,,,,1297.000,2705.000,7296.000,7004.000,6498.000,8965.000,10373.000,12783.000,17125.000,15479.000,13469.000
EarningsPerShareBasicAndDiluted,-0.000,0.000,0.000,0.000,-0.000,0.000,0.000,-0.000,0.000,0.000,-0.000,-0.000,0.000,-0.010
GainLossOnDispositionOfAssets,,,,,,553.000,1682.000,1757.000,1630.000,1321.000,1106.000,1636.000,1763.000,1604.000
GainLossOnSaleOfPropertyPlantEquipment,,,,,,-553.000,,,,-1321.000,,,,-1604.000
GeneralAndAdministrativeExpense,49915.000,47487.000,73335.000,84886.000,89428.000,,,,,,,,,
GrossProfit,44329.000,41519.000,63329.000,83667.000,85956.000,119914.000,86062.000,100030.000,164355.000,133343.000,91181.000,122487.000,180372.000,104539.000
IncomeLossFromContinuingOperationsBeforeIncomeTaxesDomestic,-6167.000,-7044.000,-11160.000,-5101.000,-6644.000,-883.000,-15549.000,-18917.000,54502.000,12079.000,-33248.000,-11854.000,-15823.000,-61918.000
IncomeTaxExpenseBenefit,,,,,,,,,,,,,,0.000
IncomeTaxesPaid,,,,,,,,,,,,,,0.000
IncreaseDecreaseInAccountsPayable,9547.000,,,,,7463.000,,,,7416.000,,,,-7933.000
IncreaseDecreaseInAccountsReceivable,-5209.000,,,,,-28644.000,,,,25361.000,,,,29071.000
IncreaseDecreaseInInterestPayableNet,47.000,,,,,,,,,,,,,
IncreaseDecreaseInInventories,,,,,,5738.000,,,,-4583.000,,,,-9319.000
InterestExpense,-581.000,-1076.000,-1162.000,2603.000,477.000,1690.000,1307.000,907.000,1464.000,1035.000,863.000,1258.000,1515.000,2282.000
InterestExpenseBorrowings,,,,,,750.000,,,,750.000,,,,974.000
InterestIncomeOther,,,-8.000,18.000,10.000,,,,,,,,,
InterestPaid,534.000,,,,,1690.000,,,,1038.000,,,,2282.000
NetCashProvidedByUsedInFinancingActivities,-500.000,,,,,-2264.000,,,,46872.000,,,,30214.000
NetCashProvidedByUsedInFinancingActivitiesContinuingOperations,-500.000,,,,,-2264.000,,,,46872.000,,,,30214.000
NetCashProvidedByUsedInInvestingActivities,,,,,,-2009.000,,,,-18287.000,,,,-13208.000
NetCashProvidedByUsedInInvestingActivitiesContinuingOperations,,,,,,-2009.000,,,,-18287.000,,,,-13208.000
NetCashProvidedByUsedInOperatingActivities,-1782.000,,,,,-9583.000,,,,49325.000,,,,-38234.000
NetCashProvidedByUsedInOperatingActivitiesContinuingOperations,-1782.000,,,,,-9583.000,,,,49325.000,,,,-38234.000
NetIncomeLoss,-6167.000,-7044.000,-11160.000,-5101.000,-6644.000,-883.000,-15549.000,-18917.000,54502.000,12079.000,-33248.000,-11854.000,-15823.000,-61918.000
OperatingExpenses,,,,86183.000,92133.000,119660.000,101986.000,119797.000,110019.000,121550.000,124672.000,134719.000,196443.000,165779.000
OperatingIncomeLoss,-5586.000,-5968.000,-10006.000,-2516.000,-6177.000,254.000,-15924.000,-19767.000,54336.000,11793.000,-33491.000,-12232.000,-16071.000,-61240.000
OtherCostAndExpenseOperating,-581.000,-1076.000,-1154.000,,,,,,,,,,,
OtherNonoperatingIncomeExpense,,,,,,-1137.000,375.000,850.000,166.000,286.000,243.000,378.000,248.000,-678.000
OtherOperatingIncomeExpenseNet,,,,-2585.000,-467.000,,,,,,,,,
OtherSellingGeneralAndAdministrativeExpense,,,,,,37812.000,29165.000,35853.000,34027.000,33483.000,30986.000,35891.000,35698.000,42570.000
PaymentsForRent,,,,,,2700.000,,,,2700.000,,,,2291.000
PaymentsToAcquireProductiveAssets,,,,,,2009.000,,,,19698.000,,,,
PaymentsToAcquirePropertyPlantAndEquipment,,,,,,,,,,,,,,16379.000
ProceedsFromIssuanceOrSaleOfEquity,,,,,,,,,,50000.000,,,,35000.000
ProceedsFromSaleOfPropertyPlantAndEquipment,,,,,,,,,,1411.000,,,,3171.000
ProfessionalFees,,,,,,9785.000,6660.000,17895.000,5230.000,8700.000,10759.000,6054.000,61685.000,27205.000
RepaymentsOfLinesOfCredit,,,,,,752.000,,,,1250.000,,,,2090.000
RepaymentsOfNotesPayable,500.000,,,,,,,,,,,,,
RepaymentsOfOtherLongTermDebt,,,,,,1512.000,,,,1878.000,,,,2696.000
Revenues,73354.000,82366.000,141849.000,143202.000,139738.000,211879.000,189076.000,219105.000,277281.000,259653.000,199985.000,236059.000,316594.000,210060.000
SalariesAndWages,,,,,,64767.000,59157.000,59551.000,61797.000,68994.000,70144.000,75649.000,83581.000,82535.000
SalesRevenueNet,73354.000,82366.000,141849.000,143202.000,139738.000,211879.000,189076.000,219105.000,277281.000,259653.000,199985.000,236059.000,316594.000,210060.000
StockIssuedDuringPeriodSharesNewIssues,,,,,,,,,,,,,,350000.000
WeightedAverageNumberOfShareOutstandingBasicAndDiluted,9500000.000,9500000.000,9625400.000,9874366.000,10240476.000,10027200.000,10027200.000,10027200.000,-20054400.000,10312914.000,10527200.000,10527200.000,-20883201.000,11238311.000
