,2012-12-31,2013-06-30,2013-09-30,2014-03-31,2014-06-30,2014-09-30,2014-12-31,2015-03-31,2015-06-30,2015-09-30,2015-12-31,2016-03-31,2016-06-30,2016-09-30,2016-12-31,2017-03-31
AdjustmentsToReconcileNetIncomeLossToCashProvidedByUsedInOperatingActivities,,,,,,,,993015.000,,,,-181846.000,,,,720209.000
AntidilutiveSecuritiesExcludedFromComputationOfEarningsPerShareAmount,,,,,,,,,,,,,,,,47300500.000
CashAndCashEquivalentsPeriodIncreaseDecrease,,,,-177677.000,,,,77895.000,,,,-38746.000,,,,-41160.000
CashPeriodIncreaseDecrease,,-26831.000,,,,,,,,,,,,,,
CommonStockShareSubscriptionsButUnissuedValue,,-26800.000,,,,,,,,,,,,,,
CostOfRevenue,1200.000,1200.000,800.000,3160075.000,3353800.000,4164660.000,5463972.000,2850038.000,4263110.000,4287086.000,3767653.000,2686036.000,2962523.000,3336289.000,2910113.000,2349466.000
DebtInstrumentIncreaseDecreaseForPeriodNet,,,,,,,,200242.000,,,,,,,,
DefinedBenefitPlanContributionsByEmployer,,,,0.000,,,,0.000,0.000,0.000,0.000,0.000,,,,0.000
Depreciation,123.000,124.000,80.000,138328.000,,,,126941.000,,,,127916.000,,,,105848.000
EarningsPerShareBasicAndDiluted,-0.000,-0.000,0.000,-0.010,0.003,-0.009,0.006,-0.020,-0.011,-0.021,0.029,0.010,-0.007,-0.001,-0.010,-0.010
ForeignCurrencyTransactionGainLossBeforeTax,271.000,511.000,-43.000,,,,,,,,,,,,,
GainLossOnDispositionOfAssets1,,,,,,,,,,,,15455.000,,,,
GeneralAndAdministrativeExpense,,,,1175644.000,1265463.000,1243143.000,1336306.000,1318880.000,1275290.000,1254745.000,1304026.000,1064549.000,1115779.000,1369526.000,1058895.000,1139729.000
GrossProfit,14265.000,4440.000,5680.000,652510.000,1327054.000,978099.000,1745949.000,673319.000,859025.000,360365.000,1667552.000,1314772.000,653095.000,1152178.000,1151771.000,822622.000
IncomeLossFromContinuingOperationsBeforeIncomeTaxesDomestic,,,,,,,,-714878.000,,,,231637.000,,,,-403764.000
IncomeLossFromContinuingOperationsBeforeIncomeTaxesExtraordinaryItemsNoncontrollingInterest,,,,,,,,,,,,,,,,-403764.000
IncomeLossFromContinuingOperationsBeforeIncomeTaxesMinorityInterestAndIncomeLossFromEquityMethodInvestments,,,,,,-334419.000,,-714878.000,,-969427.000,,231637.000,,,,-403764.000
IncomeTaxExpenseBenefit,0.000,0.000,,,,81339.000,,,,,,,,,,
IncomeTaxesPaid,,0.000,,,,,,,,,,,,,,
IncreaseDecreaseInAccountsPayable,,-6750.000,,,,,,-1587149.000,,,,9517.000,,,,-5476.000
IncreaseDecreaseInAccountsPayableAndAccruedLiabilities,,,,61908.000,,,,,,,,,,,,
IncreaseDecreaseInAccountsReceivable,,0.000,,,,,,,,,,,,,,
IncreaseDecreaseInAccruedLiabilities,,,,,,,,-42863.000,,,,-7363.000,,,,-106376.000
IncreaseDecreaseInBillingInExcessOfCostOfEarnings,,,,-136734.000,,,,-127136.000,,,,-119974.000,,,,211022.000
IncreaseDecreaseInCostInExcessOfBillingOnUncompletedContract,,,,103188.000,,,,396861.000,,,,711881.000,,,,293096.000
IncreaseDecreaseInDueToRelatedParties,,2400.000,,,,,,,,,,,,,,
IncreaseDecreaseInEmployeeRelatedLiabilities,,-32.000,,,,,,,,,,,,,,
IncreaseDecreaseInInventories,,,,14388.000,,,,20411.000,,,,12232.000,,,,-1097.000
IncreaseDecreaseInOtherOperatingAssets,,,,-26803.000,,,,-204.000,,,,54129.000,,,,94929.000
IncreaseDecreaseInPrepaidExpense,,-200.000,,,,,,,,,,,,,,
InterestPaid,,0.000,,50561.000,,,,58295.000,,,,35964.000,,,,88289.000
LeaseAndRentalExpense,,,,94312.000,,,,94997.000,,,,56195.000,,,,48410.000
LegalFees,,0.000,,,,,,,,,,,,,,
NetCashProvidedByUsedInFinancingActivities,,9400.000,,-167390.000,,,,-115042.000,,,,-117655.000,,,,-357605.000
NetCashProvidedByUsedInFinancingActivitiesContinuingOperations,,9400.000,,-167390.000,,,,-115042.000,,,,-117655.000,,,,-357605.000
NetCashProvidedByUsedInInvestingActivities,,0.000,,-79079.000,,,,-85200.000,,,,29120.000,,,,
NetCashProvidedByUsedInInvestingActivitiesContinuingOperations,,0.000,,-79079.000,,,,-85200.000,,,,29120.000,,,,
NetCashProvidedByUsedInOperatingActivities,,-36231.000,,68792.000,,,,278137.000,,,,49789.000,,,,316445.000
NetCashProvidedByUsedInOperatingActivitiesContinuingOperations,,-36231.000,,68792.000,,,,278137.000,,,,49789.000,,,,316445.000
NetIncomeLoss,-9335.000,-31773.000,-4622.000,-575256.000,138154.000,-415758.000,349849.000,-714878.000,-504492.000,-969427.000,1125011.000,231637.000,-316417.000,-46661.000,-255597.000,-403764.000
NonoperatingIncomeExpense,271.000,511.000,-43.000,-52122.000,76563.000,-69375.000,-59794.000,-69317.000,-88227.000,-75047.000,42505.000,-18586.000,146627.000,170687.000,-348833.000,-86657.000
OfficersCompensation,1200.000,1200.000,800.000,,,,,,,,,,,,,
OperatingExpenses,23329.000,35702.000,10259.000,,,,,,,,,,,,,
OperatingIncomeLoss,-9064.000,-31262.000,-4579.000,-523134.000,61591.000,-265044.000,409643.000,-645561.000,-416265.000,-894380.000,363526.000,250223.000,-462684.000,-217348.000,92876.000,-317107.000
OtherExpenses,1754.000,3348.000,,,,,,,,,,,,,,
OtherGeneralAndAdministrativeExpense,,,2026.000,,,,,,,,,,,,,
PaymentsToAcquirePropertyPlantAndEquipment,,,,79079.000,,,,85200.000,,,,5880.000,,,,
ProceedsFromIssuanceOfCommonStock,,36200.000,,32400.000,,,,,,,,10.000,,,,
ProceedsFromRepaymentsOfDebt,,,,,,,,85200.000,,,,,,,,
ProceedsFromSaleOfPropertyPlantAndEquipment,,,,,,,,,,,,35000.000,,,,
ProfessionalFees,3397.000,18754.000,3297.000,,,,,,,,,,,,,
PropertyPlantAndEquipmentAdditions,,0.000,,,,,,,,,,,,,,
RepaymentsOfDebt,,,,199790.000,,,,,,,,,,,,185074.000
RepaymentsOfOtherDebt,,,,,,,,,,,,117665.000,,,,
RepaymentsOfRelatedPartyDebt,,,,,,,,,,,,,,,,172531.000
Revenues,15465.000,5640.000,6480.000,3812585.000,4680854.000,5142759.000,7209921.000,3523357.000,5122135.000,4647451.000,5435205.000,4000808.000,3615618.000,4488467.000,4061884.000,3172088.000
SalariesAndWages,16855.000,12229.000,4056.000,,,,,,,,,,,,,
SalesRevenueNet,15465.000,5640.000,6480.000,3812585.000,4680854.000,5142759.000,7209921.000,3523357.000,5122135.000,4647451.000,5435205.000,4000808.000,3615618.000,4488467.000,4061884.000,3172088.000
WeightedAverageNumberOfDilutedSharesOutstanding,,,,46549000.000,,,,46530500.000,,,,46883687.000,,,,47300500.000
WeightedAverageNumberOfShareOutstandingBasicAndDiluted,,,11525000.000,46549000.000,46549000.000,46686500.000,-93054000.000,46730500.000,46755170.000,46880500.000,-93522656.000,46883687.000,47190500.000,47300500.000,-94261557.000,
WeightedAverageNumberOfSharesOutstandingBasic,7000000.000,8103356.000,,46549000.000,,,,46730500.000,,,,46883687.000,,,,47300500.000
