,2013-03-31,2013-06-30,2013-09-30,2013-12-31,2014-03-31,2014-06-30,2014-09-30,2014-12-31,2015-03-31,2015-06-30,2015-09-30,2015-12-31,2016-03-31,2016-06-30,2016-09-30,2016-12-31,2017-03-31
AdjustmentsRelatedToTaxWithholdingForShareBasedCompensation,,,,,117000.000,,,,-35000.000,,0.000,,25000.000,,,,185000.000
AdjustmentsToAdditionalPaidInCapitalSharebasedCompensationRequisiteServicePeriodRecognitionValue,,,,,,,,,,,,,486000.000,,,,821000.000
AllocatedShareBasedCompensationExpense,774000.000,,1575000.000,,405000.000,360000.000,843000.000,846000.000,61000.000,626000.000,314000.000,363000.000,486000.000,482000.000,393000.000,2431000.000,821000.000
AmortizationOfFinancingCosts,7000.000,0.000,0.000,0.000,,,,,,,,,,,,,
AmortizationOfIntangibleAssets,225000.000,226000.000,391000.000,358000.000,375000.000,375000.000,862000.000,588000.000,736000.000,736000.000,564000.000,564000.000,558000.000,557000.000,557000.000,528000.000,511000.000
AntidilutiveSecuritiesExcludedFromComputationOfEarningsPerShareAmount,,,,,,,,,,,,,6841667.000,,,,3841667.000
AvailableforsaleSecuritiesGrossRealizedGainLossExcludingOtherThanTemporaryImpairments,,,,,20000.000,,,,,,,,,,,,
BusinessAcquisitionProFormaEarningsPerShareBasic,,,-0.020,,,,,,,,,,,,,,
BusinessAcquisitionProFormaEarningsPerShareDiluted,,,-0.020,,,,,,,,,,,,,,
BusinessAcquisitionsProFormaIncomeLossFromContinuingOperationsBeforeChangesInAccountingAndExtraordinaryItemsNetOfTax,,,-209000.000,,,,,,,,,,,,,,
BusinessAcquisitionsProFormaNetIncomeLoss,,,-226000.000,,,,,,,,,,,,,,
BusinessAcquisitionsProFormaRevenue,,,15162000.000,,,,,,,,,,,,,,
BusinessCombinationAcquisitionRelatedCosts,,,107000.000,,,,,,,,,,,,,,
BusinessCombinationContingentConsiderationArrangementsChangeInAmountOfContingentConsiderationLiability1,,,,,722000.000,,,,-491000.000,105000.000,-438000.000,-441000.000,,15000.000,,,
CapitalizedComputerSoftwareAdditions,,,,,,,,,493000.000,402000.000,,,,,,,
CapitalizedComputerSoftwareAmortization,,,,,,,,,0.000,,,,,,,,
CashAndCashEquivalentsPeriodIncreaseDecrease,30312000.000,,,,13040000.000,,,,-5637000.000,,,,-850000.000,,,,3613000.000
ComprehensiveIncomeNetOfTax,,-855000.000,544000.000,,,,,,,,,,,,,,
CostOfRevenue,,,,,,,397000.000,,,,,,,,,,
CostsAndExpenses,18354000.000,14356000.000,15012000.000,16467000.000,17560000.000,19777000.000,23808000.000,23349000.000,23267000.000,22922000.000,,,39578000.000,39327000.000,39469000.000,48025000.000,48813000.000
DeferredIncomeTaxExpenseBenefit,-1266000.000,,,,,,,,-391000.000,,,,-110000.000,,,,309000.000
Depreciation,,20000.000,,,,,,,,,,,,,,,
DepreciationAndAmortization,244000.000,246000.000,423000.000,400000.000,405000.000,411000.000,907000.000,644000.000,784000.000,784000.000,687000.000,699000.000,735000.000,797000.000,835000.000,882000.000,938000.000
DepreciationDepletionAndAmortization,244000.000,,,,,,,,,,,,,,,,
DistributionMadeToLimitedLiabilityCompanyLLCMemberCashDistributionsDeclared,,,,,5000.000,,,,,,157000.000,,,,,,
DistributionMadeToLimitedLiabilityCompanyLLCMemberCashDistributionsPaid,,,,,,,,,319000.000,338000.000,,,7000.000,-75000.000,,,-1131000.000
DistributionMadeToMemberOrLimitedPartnerCashDistributionsPaid,944000.000,,,,,,,,,,,,,,,,
EarningsPerShareBasic,-0.860,-0.080,0.090,0.150,-0.010,0.050,-0.090,-0.010,0.010,-0.040,0.100,0.010,0.120,0.240,0.250,-0.020,0.660
EarningsPerShareDiluted,-0.860,-0.080,0.080,0.160,-0.010,0.050,-0.090,-0.010,0.010,-0.040,0.100,0.010,0.120,0.240,0.250,-0.040,0.580
EffectiveIncomeTaxRateContinuingOperations,-0.166,-0.184,,,0.114,0.139,0.297,-0.376,-4.142,-2.261,-0.857,11.464,0.144,0.112,0.234,-1.058,-0.208
EmployeeServiceShareBasedCompensationTaxBenefitFromCompensationExpense,,,,,47000.000,4000.000,33000.000,,54000.000,37000.000,0.000,,15000.000,28000.000,10000.000,-53000.000,3300000.000
EstimateOfCancellations,77000.000,,,,,,,,,,,,,,,,
GainsLossesOnExtinguishmentOfDebt,71000.000,,,,,,,,,,,,,,,,
GeneralAndAdministrativeExpense,4308000.000,5354000.000,6348000.000,7949000.000,7914000.000,8574000.000,,,,,,,,,,,
GoodwillAcquiredDuringPeriod,,,,,0.000,,,,,,,,,,,,
GoodwillImpairmentLoss,,,,,0.000,,,,0.000,,,,,,,,
GrossProfit,,,,,,,22967000.000,,,,,,,,,,1000000000.000
IncomeLossFromContinuingOperations,-5883000.000,-758000.000,-263000.000,-646000.000,367000.000,1160000.000,,,,,,,,,,,
IncomeLossFromContinuingOperationsBeforeIncomeTaxesExtraordinaryItemsNoncontrollingInterest,-6349000.000,-697000.000,-309000.000,-1046000.000,-280000.000,1142000.000,-1116000.000,767000.000,-80000.000,-165000.000,818000.000,-1030000.000,2670000.000,4807000.000,6714000.000,-5833000.000,7053000.000
IncomeTaxExpenseBenefit,1053000.000,128000.000,-823000.000,-340000.000,-32000.000,159000.000,-332000.000,295000.000,-336000.000,373000.000,-701000.000,-1258000.000,384000.000,537000.000,1580000.000,-7252000.000,-1469000.000
IncomeTaxesPaid,,,,,,,,,,,,,1000.000,,,,
IncreaseDecreaseInAccountsPayableAndAccruedLiabilities,-103000.000,,,,-133000.000,,,,-2187000.000,,,,4685000.000,,,,-677000.000
IncreaseDecreaseInAccountsReceivable,109000.000,,,,,,,,,,,,,,,,
IncreaseDecreaseInAccountsReceivableAndOtherOperatingAssets,,,,,,,,,,,,,-91000.000,,,,-291000.000
IncreaseDecreaseInAccruedIncomeTaxesPayable,2319000.000,,,,,,,,,,,,,,,,-2121000.000
IncreaseDecreaseInClientFundsHeld,177000.000,,,,,,,,,,,,,,,,
IncreaseDecreaseInDeferredRevenue,,,,,-365000.000,,,,86000.000,,,,67000.000,,,,46000.000
IncreaseDecreaseInDueToRelatedParties,377000.000,,,,,,,,125000.000,,,,185000.000,,,,
IncreaseDecreaseInFinanceReceivables,,,,,,,,,,,,,-12050000.000,,,,
IncreaseDecreaseInIncomeTaxesReceivable,,,,,35000.000,,,,103000.000,,,,-495000.000,,,,1645000.000
IncreaseDecreaseInPrepaidDeferredExpenseAndOtherAssets,395000.000,,,,1003000.000,,,,,,,,,,,,
IncreaseDecreaseInRestrictedCash,,,,,514000.000,,,,-988000.000,,,,4145000.000,,,,2054000.000
InsuranceCommissions,8037000.000,8473000.000,7928000.000,7806000.000,8882000.000,10318000.000,11377000.000,12183000.000,10834000.000,11260000.000,13243000.000,18363000.000,25990000.000,25859000.000,25860000.000,29954000.000,31435000.000
InterestExpense,38000.000,,,,,,,,,,,,,,,,
InterestExpenseDebt,17000.000,0.000,0.000,0.000,,,,,,,,,,,,,
InterestIncomeExpenseNet,,17000.000,7000.000,,15000.000,2000.000,,,7000.000,10000.000,8000.000,-3000.000,-55000.000,-100000.000,102000.000,-8000.000,1000.000
InterestPaid,,,,,,,,,,,,,30000.000,,,,
LossOnContractTermination,5500000.000,,,,,,,,,,,,,,,,
NetCashProvidedByUsedInFinancingActivities,54811000.000,,,,-1532000.000,,,,-1335000.000,,,,7175000.000,,,,-1421000.000
NetCashProvidedByUsedInFinancingActivitiesContinuingOperations,54811000.000,,,,-1532000.000,,,,-1335000.000,,,,7175000.000,,,,-1421000.000
NetCashProvidedByUsedInInvestingActivities,-18965000.000,,,,17622000.000,,,,-952000.000,,,,-750000.000,,,,-683000.000
NetCashProvidedByUsedInInvestingActivitiesContinuingOperations,-18965000.000,,,,17622000.000,,,,-952000.000,,,,-750000.000,,,,-683000.000
NetCashProvidedByUsedInOperatingActivities,-5534000.000,,,,-3050000.000,,,,-3350000.000,,,,-7275000.000,,,,5717000.000
NetCashProvidedByUsedInOperatingActivitiesContinuingOperations,-5534000.000,,,,-3050000.000,,,,-3350000.000,,,,-7275000.000,,,,5717000.000
NetIncomeLoss,-4059000.000,-404000.000,408000.000,700000.000,-74000.000,273000.000,-612000.000,74000.000,53000.000,-326000.000,731000.000,143000.000,905000.000,1857000.000,1939000.000,-188000.000,5834000.000
NetIncomeLossAttributableToNoncontrollingInterest,-3343000.000,-421000.000,106000.000,-1406000.000,-174000.000,710000.000,-172000.000,398000.000,203000.000,-212000.000,788000.000,85000.000,1381000.000,2413000.000,3195000.000,1607000.000,2688000.000
NetIncomeLossAvailableToCommonStockholdersBasic,-4059.000,-404000.000,,,,,,,-266000.000,-664000.000,574000.000,,912000.000,1782000.000,,,
NonoperatingIncomeExpense,,,,,,,,,646000.000,,,,,,,,
OperatingExpenses,,,,,,,,,,,25344000.000,,,,,,
OperatingIncomeLoss,,,,,,,-841000.000,,-726000.000,-175000.000,455000.000,-1115000.000,2912000.000,5167000.000,6639000.000,3399000.000,7055000.000
OtherComprehensiveIncomeLossNetOfTaxPortionAttributableToParent,,-840000.000,529000.000,,,,,,,,,,,,,,
OtherComprehensiveIncomeLossTaxPortionAttributableToNoncontrollingInterest,,15000.000,-15000.000,,,,,,,,,,,,,,
OtherComprehensiveIncomeUnrealizedHoldingGainLossOnSecuritiesArisingDuringPeriodNetOfTax,,-30000.000,30000.000,,,,,,,,,,,,,,
OtherCostAndExpenseOperating,,,,,,,,,22483000.000,,,,,,,,
OtherNonoperatingIncomeExpense,-428000.000,44000.000,-53000.000,-413000.000,-662000.000,-20000.000,-275000.000,687000.000,148000.000,105000.000,-83000.000,-353000.000,-187000.000,-245000.000,-27000.000,454000.000,-3000.000
PaymentsForDeposits,7000.000,,,,500000.000,,,,,,,,,,,,
PaymentsForProceedsFromLoansReceivable,60000.000,,,,,,,,,,,,,,,,
PaymentsForRepurchaseOfCommonStock,,,,,,,,,482000.000,,,,,,,,
PaymentsOfDistributionsToAffiliates,,,,,921000.000,,,,319000.000,,,,-7000.000,,,,1197000.000
PaymentsOfMergerRelatedCostsFinancingActivities,,,,,,,,,,,,,273000.000,,,,
PaymentsOfStockIssuanceCosts,1643000.000,,,,,,,,,,,,,,,,
PaymentsRelatedToTaxWithholdingForShareBasedCompensation,,,,,117000.000,,,,,,,,,,,,
PaymentsToAcquireAvailableForSaleSecurities,,,,,18000000.000,,,,,,,,,,,,
PaymentsToAcquirePropertyPlantAndEquipment,51000.000,,,,121000.000,,,,26000.000,,,,4000.000,,,,14000.000
PaymentsToAcquireShortTermInvestments,18906000.000,,,,,,,,,,,,,,,,
PaymentsToDevelopSoftware,,,,,,,,,373000.000,,,,746000.000,,,,669000.000
PensionContributions,,,,,,,,,,,,,7000.000,,,,
ProceedsAndExcessTaxBenefitFromSharebasedCompensation,,,,,,,,,,,,,,,,,3300000.000
ProceedsFromCollectionOfLoansReceivable,59000.000,,,,,,,,,,,,,,,,
ProceedsFromIssuanceOfCommonStock,1300000.000,,,,,,,,,,,,,,,,
ProceedsFromIssuanceOrSaleOfEquity,,,,,,,,,,,,,,,,,9000.000
ProceedsFromLinesOfCredit,,,,,,,,,,,,,7500000.000,,,,
ProceedsFromMaturitiesPrepaymentsAndCallsOfHeldToMaturitySecurities,,,,,3223000.000,,,,,,,,,,,,
ProceedsFromPaymentsForOtherFinancingActivities,,,,,,,,,,,,,14000.000,,,,
ProceedsFromSaleOfAvailableForSaleSecurities,,,,,33020000.000,,,,461000.000,,,,,,,,
ProceedsFromSaleOfTreasuryStock,,,,,,,,,,,,,-25000.000,,,,
ProfitLoss,-7402000.000,-825000.000,514000.000,-706000.000,-248000.000,983000.000,-784000.000,472000.000,256000.000,-538000.000,1519000.000,228000.000,2286000.000,4270000.000,5134000.000,1419000.000,8522000.000
RelatedPartyTransactionExpensesFromTransactionsWithRelatedParty,,,,,,1200000.000,,,,,,,,,,,
RepaymentsOfLongTermDebt,3294000.000,,,,,,,,,,,,,,,,
RepaymentsOfNotesPayable,51000.000,,,,,,,,,,,,,,,,
Revenues,12471000.000,13598000.000,14749000.000,15821000.000,17927000.000,20937000.000,23364000.000,26530000.000,22541000.000,22747000.000,25799000.000,33617000.000,42490000.000,44494000.000,46108000.000,51424000.000,55868000.000
SalesRevenueNet,12471000.000,13598000.000,14749000.000,15821000.000,17927000.000,20937000.000,23364000.000,26530000.000,22541000.000,22747000.000,25799000.000,33617000.000,42490000.000,44494000.000,46108000.000,51424000.000,55868000.000
SellingGeneralAndAdministrativeExpense,,,,,,,10990000.000,,11164000.000,10351000.000,10845000.000,14964000.000,11970000.000,11697000.000,11853000.000,16007000.000,15257000.000
ShareBasedCompensationArrangementByShareBasedPaymentAwardFairValueAssumptionsExpectedDividendRate,,,,,0.000,,,,0.000,,,,,,,,0.000
ShareBasedCompensationArrangementByShareBasedPaymentAwardFairValueAssumptionsExpectedVolatilityRate,0.455,,,,0.440,,,,0.407,,,,56.700,,,,0.000
ShareBasedCompensationArrangementByShareBasedPaymentAwardFairValueAssumptionsRiskFreeInterestRate,0.009,,,,0.012,,,,0.016,,,,1.400,,,,0.000
ShareBasedCompensationArrangementByShareBasedPaymentAwardOptionsForfeituresInPeriod,,,,,,,,,,,,,,,,,0.000
SharebasedCompensationArrangementBySharebasedPaymentAwardCompensationCost1,,,,,,,,,0.000,0.000,0.000,,,,,,
SharesPaidForTaxWithholdingForShareBasedCompensation,,,,,,,,,,,,,,,,,11627.000
StockIssued1,,,,,,,,,,,,,,,,,16484000.000
StockIssuedDuringPeriodSharesNewIssues,100000.000,,,,,,,,,,,,,,,,
StockIssuedDuringPeriodSharesRestrictedStockAwardForfeited,,,,,,,,,,6632.000,7500.000,,,,,,
StockIssuedDuringPeriodSharesStockOptionsExercised,,,,,,,,,,,,,13567.000,1623.000,1200.000,-55390.000,8000.000
StockIssuedDuringPeriodValueNewIssues,,,,,,,,,,,,,14000.000,,,,
StockIssuedDuringPeriodValueShareBasedCompensation,774000.000,1927000.000,,,405000.000,,,,,,,,,,,,9000.000
TreasuryStockAcquiredAverageCostPerShare,,,,,,,,,7.170,5.800,,,7.170,,,,
TreasuryStockSharesAcquired,,,,,,,,,67152.000,6700.000,0.000,,,,,,
TreasuryStockValueAcquiredCostMethod,,,,,,,,,482000.000,,,,,,,,
UnrecognizedTaxBenefitsPeriodIncreaseDecrease,,,,,,0.000,0.000,,0.000,0.000,0.000,0.000,,,,,
VariableInterestEntityOwnershipPercentage,1.000,,,,,,,,,,,,,,,,
WeightedAverageNumberOfDilutedSharesOutstanding,4717731.000,4766667.000,4861336.000,-9532512.000,5025669.000,5088390.000,6532161.000,-10588704.000,7714339.000,7516308.000,7571464.000,-15200322.000,7699866.000,7732664.000,7723196.000,-15246491.000,10051369.000
WeightedAverageNumberOfSharesOutstandingBasic,4717731.000,4766667.000,4795736.000,-9466912.000,5025669.000,5040883.000,6532161.000,-10541197.000,7515053.000,7516308.000,7531827.000,-15038622.000,7563555.000,7592972.000,7614252.000,-15171246.000,8892239.000
