,2014-06-30,2014-09-30,2015-03-31,2015-06-30,2015-09-30,2015-12-31,2016-03-31,2016-06-30,2016-09-30,2016-12-31,2017-03-31
AdjustmentsToAdditionalPaidInCapitalOther,,,394656.000,579217.000,524175.000,-3368126.000,-124360.000,-367127.000,12524.000,-291530.000,-44267.000
AdjustmentsToAdditionalPaidInCapitalStockIssuedIssuanceCosts,,,511107.000,556508.000,809752.000,1500520.000,1611877.000,1116252.000,2861775.000,1418790.000,1761461.000
BusinessAcquisitionsProFormaNetIncomeLoss,,,,-118960.000,122050.000,,-379151.000,160931.000,676200.000,789215.000,-1365995.000
BusinessAcquisitionsProFormaRevenue,,,,2287518.000,2168262.000,,3155123.000,5273732.000,8969829.000,17046890.000,7720597.000
BusinessCombinationAcquisitionRelatedCosts,,,,316955.000,,,465840.000,733426.000,661283.000,292389.000,
BusinessCombinationProFormaInformationEarningsOrLossOfAcquireeSinceAcquisitionDateActual,,,,-170547.000,224413.000,,-185251.000,668085.000,1037723.000,-901934.000,
BusinessCombinationProFormaInformationRevenueOfAcquireeSinceAcquisitionDateActual,,,,1620917.000,2168262.000,,1971445.000,4953528.000,7623494.000,8002767.000,
CashAndCashEquivalentsPeriodIncreaseDecrease,,,1004372.000,,,,2589679.000,,,,-4560706.000
ComprehensiveIncomeNetOfTax,-595.000,,,,,,,,,,
CostsAndExpenses,,,673382.000,1574841.000,1717459.000,1664281.000,2281739.000,4527740.000,6144110.000,7137567.000,6926207.000
DebtIssuanceCosts,,,,,,,4100000.000,,,,
DebtRelatedCommitmentFeesAndDebtIssuanceCosts,,,,,,,,,,,4800000.000
DepreciationAndAmortization,,,57445.000,194427.000,247160.000,247460.000,278316.000,613436.000,959128.000,1333418.000,1324963.000
DirectCostsOfLeasedAndRentedPropertyOrEquipment,,,313255.000,933274.000,1271186.000,1168128.000,1299141.000,2802497.000,4081502.000,4928004.000,4798384.000
DividendsCash,,,87526.000,,,,722162.000,,,,1862398.000
EarningsPerShareBasicAndDiluted,,-1.140,-0.410,-0.190,0.060,0.340,-0.080,0.020,0.060,-0.010,-0.090
GeneralAndAdministrativeExpense,595.000,22867.000,270948.000,382321.000,124824.000,168135.000,604928.000,893906.000,841658.000,528798.000,439713.000
IncomeLossFromEquityMethodInvestments,,,,,,,,,,,-512707.000
IncreaseDecreaseInAccountsPayableAndAccruedLiabilities,,,147240.000,,,,,,,,
IncreaseDecreaseInAccountsReceivableAndOtherOperatingAssets,,,,,,,,,,,338311.000
IncreaseDecreaseInDueToOtherRelatedPartiesCurrent,,,,,,,134823.000,,,,101526.000
IncreaseDecreaseInDueToRelatedParties,,,19536.000,,,,,,,,
IncreaseDecreaseInOtherAccountsPayableAndAccruedLiabilities,,,,,,,588667.000,,,,602801.000
IncreaseDecreaseInPrepaidDeferredExpenseAndOtherAssets,,,130635.000,,,,401551.000,,,,
InterestExpense,,,96293.000,255940.000,330198.000,221871.000,89964.000,287473.000,874809.000,1246992.000,1345311.000
InterestPaid,,,78408.000,,,,5476.000,,,,1220426.000
InvestmentAdvisoryFees,,,,,,,,,,,573750.000
LimitedLiabilityCompanyLLCOrLimitedPartnershipLPManagingMemberOrGeneralPartnerOwnershipInterest,,,,,,,,,,,0.990
MinorityInterestDecreaseFromDistributionsToNoncontrollingInterestHolders,,,26.000,,,,30.000,,,,30.000
NetCashProvidedByUsedInFinancingActivities,,,11303631.000,,,,25936162.000,,,,15716527.000
NetCashProvidedByUsedInFinancingActivitiesContinuingOperations,,,11303631.000,,,,25936162.000,,,,15716527.000
NetCashProvidedByUsedInInvestingActivities,,,-10192950.000,,,,-23588810.000,,,,-21525415.000
NetCashProvidedByUsedInInvestingActivitiesContinuingOperations,,,-10192950.000,,,,-23588810.000,,,,-21525415.000
NetCashProvidedByUsedInOperatingActivities,,,-106309.000,,,,242327.000,,,,1248182.000
NetCashProvidedByUsedInOperatingActivitiesContinuingOperations,,,-106309.000,,,,242327.000,,,,1248182.000
NetIncomeLoss,-595.000,-22863.000,-216594.000,-213914.000,122050.000,-31728.000,-401601.000,137436.000,580502.000,-429366.000,-1096607.000
NetIncomeLossAttributableToNoncontrollingInterest,,-4.000,-34.000,-39.000,25.000,4.000,-10.000,8.000,14.000,-5.000,-13.000
NoncontrollingInterestIncreaseFromSubsidiaryEquityIssuance,,,,,,,3942870.000,,,,
NoninterestExpenseOfferingCost,,,,,800000.000,,,,,,
OperatingExpenses,595.000,22867.000,,,,,,,,,
OperatingIncomeLoss,,,-119960.000,46076.000,450803.000,196459.000,-310294.000,425788.000,1479384.000,865200.000,794390.000
OtherNonoperatingIncomeExpense,,,-375.000,-4089.000,1470.000,-6312.000,-1353.000,-871.000,-24059.000,-47579.000,-32992.000
OtherOperatingActivitiesCashFlowStatement,,,66.000,,,,2849.000,,,,28501.000
PaymentsForProceedsFromMortgageDeposits,,,,,,,,,,,108763.000
PaymentsForProceedsFromProductiveAssets,,,10192950.000,,,,23088810.000,,,,830851.000
PaymentsForProceedsFromRealEstatePartnershipInvestmentNet,,,,,,,,,,,20610595.000
PaymentsForRepurchaseOfCommonStock,,,,,,,,,,,42519.000
PaymentsOfDividendsCommonStock,,,42253.000,,,,324908.000,,,,956022.000
PaymentsOfFinancingCosts,,,867489.000,,,,,,,,
PaymentsOfLoanCosts,,,100000.000,,,,0.000,,,,
PaymentsOfStockIssuanceCosts,,,,,,,2794050.000,,,,1594342.000
PaymentsToMinorityShareholders,,,26.000,,,,30.000,,,,30.000
ProceedsFromFeesReceived,,,,,,,,,,,4400.000
ProceedsFromIssuanceOfCommonStock,,,5313399.000,,,,17112280.000,,,,18413803.000
ProceedsFromMinorityShareholders,,,,,,,3942870.000,,,,0.000
ProceedsFromNotesPayable,,,8200000.000,,,,8000000.000,,,,0.000
ProfitLoss,,-22867.000,-216628.000,-213953.000,122075.000,-31724.000,-401611.000,137444.000,580516.000,-429371.000,-1096620.000
RealEstateTaxExpense,,,31734.000,64819.000,74289.000,80558.000,99354.000,217901.000,261822.000,347347.000,363147.000
RepaymentsOfNotesPayable,,,1200000.000,,,,0.000,,,,
Revenues,,,553422.000,1620917.000,2168262.000,1860740.000,1971445.000,4953528.000,7623494.000,8002767.000,7720597.000
SalesRevenueNet,,,553422.000,1620917.000,2168262.000,1860740.000,1971445.000,4953528.000,7623494.000,8002767.000,7720597.000
StockIssued1,,,8286.000,,,,311039.000,,,,816948.000
StockIssuedDuringPeriodValueDividendReinvestmentPlan,,,8286.000,,,,311039.000,,,,816948.000
StockIssuedDuringPeriodValueNewIssues,,,5313399.000,,,,17112280.000,,,,18413803.000
StockRepurchasedAndRetiredDuringPeriodValue,,,,,,,,,,,42519.000
WeightedAverageNumberOfShareOutstandingBasicAndDiluted,,20000.000,528564.000,1151224.000,1887861.000,-1892115.000,4827293.000,6686377.000,8963369.000,-12611691.000,12591058.000
