,2013-06-30,2013-09-30,2014-03-31,2014-06-30,2014-09-30,2014-12-31,2015-03-31,2015-06-30,2015-09-30,2015-12-31,2016-03-31,2016-06-30,2016-09-30,2016-12-31,2017-03-31
AccretionAmortizationOfDiscountsAndPremiumsInvestments,,,,,,,,,,,7000.000,,,,6000.000
AdjustmentsToAdditionalPaidInCapitalStockIssuedIssuanceCosts,,,-214000.000,,,,,,,,,,,,
AmortizationOfAboveAndBelowMarketLeases,,,2000.000,,,,416000.000,,,,415000.000,,,,-453000.000
AmortizationOfDebtDiscountPremium,,,-484000.000,,,,-1859000.000,,,,-976000.000,,,,-1126000.000
AmortizationOfFinancingCosts,,,754000.000,,,,1302000.000,,,,1100000.000,,,,3504000.000
AmortizationOfIntangibleAssets,,,3989000.000,,,,8650000.000,,,,8678000.000,,,,13128000.000
AntidilutiveSecuritiesExcludedFromComputationOfEarningsPerShareAmount,,,175763.000,,,,,1004361.000,1059829.000,,1059965.000,1059226.000,1060891.000,-2119587.000,1162454.000
AssetImpairmentCharges,,,,,,,,,,,,,117000.000,,3929000.000
AvailableForSaleSecuritiesGrossUnrealizedGains,,,35000.000,,,,,,,,,,,,
AvailableForSaleSecuritiesGrossUnrealizedLoss,,,1785000.000,,,,,,,,,,,,
BusinessAcquisitionProFormaEarningsPerShareBasic,,,,,,,,,,,-0.090,,,,
BusinessAcquisitionProFormaEarningsPerShareDiluted,,,,,,,,,,,-0.090,,,,
BusinessAcquisitionsProFormaNetIncomeLoss,,,4933000.000,,,,,,,,-5728000.000,,,,-5429000.000
BusinessAcquisitionsProFormaRevenue,,,40439000.000,,,,,,,,44148000.000,,,,74588000.000
BusinessCombinationAcquisitionRelatedCosts,112000.000,18159000.000,14532000.000,4087000.000,4260000.000,-284000.000,129000.000,377000.000,946000.000,768000.000,343000.000,734000.000,4381000.000,1605000.000,5436000.000
BusinessCombinationConsiderationTransferred1,,,406964000.000,,,,,,,,34244000.000,,,,1025147000.000
BusinessCombinationConsiderationTransferredEquityInterestsIssuedAndIssuable,,,,,,,,,,,,,,,921930000.000
BusinessCombinationProFormaInformationEarningsOrLossOfAcquireeSinceAcquisitionDateActual,,,,,,,,,,,200000.000,,,,1400000.000
BusinessCombinationProFormaInformationRevenueOfAcquireeSinceAcquisitionDateActual,,,,,,,,,,,300000.000,,,,16500000.000
BusinessCombinationProvisionalInformationInitialAccountingIncompleteAdjustmentConsiderationTransferred,,,1400000000.000,,,,,,,,,,,,
CapitalExpendituresIncurredButNotYetPaid,,,,,,,,,,,,,,,912000.000
CashAcquiredFromAcquisition,,,,,,,,,,,,,,,21922000.000
CashPeriodIncreaseDecrease,,,-83329000.000,,,,19871000.000,,,,294000.000,,,,-86624000.000
ComprehensiveIncomeNetOfTax,-215000.000,-21331000.000,-5358000.000,201000.000,-1835000.000,12439000.000,4724000.000,-1631000.000,-11990000.000,-12683000.000,-5854000.000,-4077000.000,-8729000.000,-35595000.000,-10717000.000
Depreciation,,,15067000.000,,,,16737000.000,,,,16815000.000,,,,18324000.000
DepreciationAndAmortization,19000.000,770000.000,19056000.000,28345000.000,29045000.000,16933000.000,25387000.000,25386000.000,25387000.000,25386000.000,25493000.000,25538000.000,25446000.000,24666000.000,31478000.000
DilutiveSecurities,,,,,,,-116000.000,0.000,0.000,,0.000,0.000,,,
DirectCostsOfLeasedAndRentedPropertyOrEquipment,6000.000,149000.000,3527000.000,3432000.000,3472000.000,3061000.000,3087000.000,3439000.000,3525000.000,3207000.000,3337000.000,3283000.000,3511000.000,3483000.000,7042000.000
DisposalGroupNotDiscontinuedOperationGainLossOnDisposal,,,,,,,,,,,56900000.000,,,,
Dividends,,,25791000.000,,,,26721000.000,,,,26649000.000,,,,34445000.000
EarningsPerShareBasic,,,,,,,0.070,-0.020,-0.170,,-0.090,-0.060,-0.130,,
EarningsPerShareBasicAndDiluted,-0.040,-0.440,-0.170,-0.030,-0.030,0.200,,,,,,,-0.130,,-0.130
EarningsPerShareDiluted,,,,,,,0.070,-0.020,-0.170,,-0.090,-0.060,,,
GainLossOnInvestments,,,-166000.000,109000.000,314000.000,40000.000,546000.000,0.000,192000.000,0.000,0.000,0.000,0.000,0.000,
GainLossOnSaleOfDerivatives,,,,,,,,,,,,,,,73000.000
GainLossOnSaleOfInvestments,,,,,,,,,,,0.000,,,,
GainLossOnSaleOfPropertiesNetOfApplicableIncomeTaxes,,,,,,,,,,,,454000.000,0.000,,5222000.000
GainLossOnSaleOfSecuritiesNet,,,-200000.000,100000.000,300000.000,,,,,,,,,,
GainOnSaleOfInvestments,,,,,,,546000.000,,,,,,,,
GeneralAndAdministrativeExpense,113000.000,1171000.000,1094000.000,1659000.000,981000.000,2277000.000,1947000.000,3552000.000,2607000.000,3208000.000,3378000.000,2464000.000,2998000.000,2328000.000,4844000.000
IncomeTaxesPaid,,,23000.000,,,,8000.000,,,,270000.000,,,,176000.000
IncreaseDecreaseInAccountsPayableAndAccruedLiabilities,,,2595000.000,,,,1780000.000,,,,1921000.000,,,,-7291000.000
IncreaseDecreaseInOtherOperatingLiabilities,,,1068000.000,,,,-1341000.000,,,,-648000.000,,,,-7202000.000
IncreaseDecreaseInPrepaidDeferredExpenseAndOtherAssets,,,-8134000.000,,,,2240000.000,,,,869000.000,,,,-1906000.000
IncreaseDecreaseInRestrictedCash,,,,,,,,,,,,,,,337000.000
IncreaseDecreaseInRestrictedCashForOperatingActivities,,,,,,,,,,,,,,,309000.000
IncrementalCommonSharesAttributableToShareBasedPaymentArrangements,,,,,,,,0.000,0.000,,0.000,0.000,,,
InterestExpense,,28000.000,3444000.000,7723000.000,8208000.000,8290000.000,8160000.000,8239000.000,11297000.000,13195000.000,12631000.000,12328000.000,12574000.000,16720000.000,15785000.000
InterestIncomeOperating,,,,,,,,,728000.000,,340000.000,230000.000,239000.000,241000.000,240000.000
InterestIncomeOther,,,3000.000,158000.000,8000.000,,,,,,,,,,
InterestPaid,,,421000.000,,,,8186000.000,,,,11229000.000,,,,12104000.000
InvestmentIncomeNet,,1108000.000,955000.000,606000.000,374000.000,344000.000,169000.000,169000.000,25000.000,0.000,0.000,0.000,0.000,0.000,
LineOfCreditAssumed1,,,,,,,,,,,,,,,304000000.000
LossOnSaleOfInvestments,,,166000.000,,,,,,,,,,,,
MinorityInterestDecreaseFromDistributionsToNoncontrollingInterestHolders,,,,,,,,,,,,,,,41000.000
NetCashProvidedByUsedInFinancingActivities,,,318346000.000,,,,-17189000.000,,,,-42931000.000,,,,-152704000.000
NetCashProvidedByUsedInFinancingActivitiesContinuingOperations,,,318346000.000,,,,-17189000.000,,,,-42931000.000,,,,-152704000.000
NetCashProvidedByUsedInInvestingActivities,,,-422382000.000,,,,9253000.000,,,,22640000.000,,,,57671000.000
NetCashProvidedByUsedInInvestingActivitiesContinuingOperations,,,-422382000.000,,,,9253000.000,,,,22640000.000,,,,57671000.000
NetCashProvidedByUsedInOperatingActivities,,,20707000.000,,,,27807000.000,,,,20585000.000,,,,8409000.000
NetCashProvidedByUsedInOperatingActivitiesContinuingOperations,,,20707000.000,,,,27807000.000,,,,20585000.000,,,,8409000.000
NetIncomeLoss,-215000.000,-17014000.000,-10589000.000,-1872000.000,-1631000.000,12095000.000,4901000.000,-1624000.000,-11428000.000,-12966000.000,-5854000.000,-4077000.000,-8729000.000,-35595000.000,-10717000.000
NetIncomeLossAttributableToNoncontrollingInterest,,,,,,,,,,,,,,,-13000.000
NetIncomeLossAttributableToParentDiluted,,,,,,,4785000.000,-1624000.000,-11428000.000,,-5854000.000,-4077000.000,,,
NoncashOrPartNoncashAcquisitionDebtAssumed1,,,,,,,,,,,,,,,304000000.000
NoncontrollingInterestIncreaseFromSubsidiaryEquityIssuance,,,,,,,,,,,,,,,4887000.000
NonoperatingIncomeExpense,,1142000.000,-2652000.000,-6850000.000,-7512000.000,-7886000.000,-7415000.000,-8043000.000,-18601000.000,-20209000.000,-12589000.000,-11835000.000,-12534000.000,-16678000.000,-10471000.000
OperatingExpenses,250000.000,20249000.000,38209000.000,37523000.000,37758000.000,21987000.000,30550000.000,36850000.000,36878000.000,37069000.000,37051000.000,36519000.000,40953000.000,63764000.000,57479000.000
OperatingIncomeLoss,,-18156000.000,-7937000.000,4978000.000,5881000.000,19981000.000,12316000.000,6419000.000,7173000.000,7243000.000,6735000.000,7758000.000,3805000.000,-18917000.000,-259000.000
OperatingLeasesIncomeStatementLeaseRevenue,29000.000,2042000.000,26874000.000,39427000.000,40609000.000,39229000.000,40215000.000,40216000.000,40218000.000,40216000.000,40500000.000,41176000.000,41357000.000,41353000.000,51739000.000
OtherComprehensiveIncomeLossBeforeReclassificationsNetOfTax,,,,,,,-723000.000,,,,,,,,
OtherComprehensiveIncomeLossNetOfTax,,,5231000.000,,,,-177000.000,,,,,,,,
OtherNonoperatingIncome,,62000.000,,,,,30000.000,27000.000,43000.000,47000.000,42000.000,39000.000,40000.000,42000.000,92000.000
PaymentsForCapitalImprovements,,,,,,,,,,,,,,,133000.000
PaymentsForDepositsOnRealEstateAcquisitions,,,15087000.000,,,,0.000,,,,,,,,537000.000
PaymentsForRepurchaseOfCommonStock,,,,,,,5109000.000,,,,16000000.000,,,,20245000.000
PaymentsOfDividends,,,10884000.000,,,,11837000.000,,,,26767000.000,,,,17166000.000
PaymentsOfFinancingCosts,,,8466000.000,,,,0.000,,,,,,,,900000.000
PaymentsOfStockIssuanceCosts,,,24000.000,,,,0.000,,,,,,,,
PaymentsToAcquireBusinessesGross,,,,,,,,,,,,,,,94504000.000
PaymentsToAcquireRealEstate,,,416866000.000,,,,0.000,,,,34244000.000,,,,8714000.000
ProceedsFromContributionsFromAffiliates,,,0.000,,,,,,,,,,,,
ProceedsFromIssuanceOfCommonStock,,,127000.000,,,,0.000,,,,,,,,
ProceedsFromLinesOfCredit,,,338000000.000,,,,0.000,,,,,,,,
ProceedsFromRepaymentsOfRestrictedCashFinancingActivities,,,-331000.000,,,,0.000,,,,-1000.000,,,,-1000.000
ProceedsFromSaleAndMaturityOfAvailableForSaleSecurities,,,9571000.000,,,,9253000.000,,,,0.000,,,,
ProceedsFromSaleOfAvailableForSaleSecuritiesDebt,,,,,,,,,,,56884000.000,,,,0.000
ProceedsFromSaleOfRealEstateHeldforinvestment,,,,,,,,,,,,,,,139974000.000
ProfitLoss,,,,,,,,,,,,,,,-10730000.000
ReclassificationFromAccumulatedOtherComprehensiveIncomeCurrentPeriodNetOfTax,,,,,,,-546000.000,,,,,,,,
RelatedPartyTransactionExpensesFromTransactionsWithRelatedParty,,,,,,,,4096000.000,4413000.000,,4500000.000,4500000.000,4500000.000,4500000.000,4750000.000
RepaymentsOfLinesOfCredit,,,,,,,,,,,,,,,114000000.000
RepaymentsOfSecuredDebt,,,76000.000,,,,243000.000,,,,251000.000,,,,392000.000
Revenues,35000.000,2093000.000,30272000.000,42501000.000,43639000.000,41968000.000,42866000.000,43269000.000,44051000.000,44312000.000,43786000.000,44277000.000,44758000.000,44847000.000,57220000.000
SalesRevenueNet,35000.000,2093000.000,30272000.000,42501000.000,43639000.000,41968000.000,42866000.000,43269000.000,44051000.000,44312000.000,43786000.000,44277000.000,44758000.000,44847000.000,57220000.000
ShareBasedCompensation,,,5000.000,,,,7000.000,,,,10000.000,,,,30000.000
ShareBasedCompensationArrangementByShareBasedPaymentAwardEquityInstrumentsOtherThanOptionsGrantsInPeriod,,,,,,,1276.000,,,,,,,,
ShareBasedCompensationArrangementsByShareBasedPaymentAwardOptionsGrantsInPeriodWeightedAverageExercisePrice,,,,,,,23.500,,,,,,,,
StockIssuedDuringPeriodSharesDividendReinvestmentPlan,,,,,,,600000.000,,,,0.000,,,,491817.000
StockIssuedDuringPeriodSharesIssuedForServices,356.000,2456.000,,0.000,0.000,,,,,,,,,,
StockIssuedDuringPeriodValueDividendReinvestmentPlan,,,14819000.000,,,,14826000.000,,,,0.000,,,,11887000.000
StockIssuedDuringPeriodValueIssuedForServices,8000.000,56000.000,,0.000,0.000,,,,,,,,,,
StockIssuedDuringPeriodValueNewIssues,,,,,,,,,,,,,,,917043000.000
StockIssuedDuringPeriodValueShareBasedCompensation,,,5000.000,,,,7000.000,,,,10000.000,,,,30000.000
StockRepurchasedDuringPeriodShares,,,,,,,227875.000,,,,7942.000,,,,848822.000
StockRepurchasedDuringPeriodValue,,,319000.000,,,,5422000.000,,,,192000.000,,,,20245000.000
TenantReimbursements,6000.000,51000.000,3398000.000,3074000.000,3030000.000,2739000.000,2651000.000,3053000.000,3105000.000,2686000.000,2946000.000,2871000.000,3162000.000,3253000.000,5241000.000
TransferMortgagePayable,,,,,,,,,,,,,,,1451000.000
TreasuryStockAcquiredAverageCostPerShare,,,,,,,23.790,,,,24.170,,,,23.850
UnrealizedGainLossOnInvestments,,-4317000.000,5231000.000,2073000.000,-204000.000,344000.000,-177000.000,-7000.000,-562000.000,283000.000,0.000,0.000,0.000,0.000,
WeightedAverageNumberOfDilutedSharesOutstanding,,,,,,,65677204.000,66045785.000,66450057.000,,64955420.000,65301764.000,,,
WeightedAverageNumberOfShareOutstandingBasicAndDiluted,5173574.000,38295114.000,62693554.000,64018318.000,64654279.000,-127032891.000,,,,,,,65741735.000,,84652179.000
WeightedAverageNumberOfSharesOutstandingBasic,,,,,,,65672016.000,66045785.000,66450057.000,,64955420.000,65301764.000,,,
WriteOffOfDeferredDebtIssuanceCost,,,,,,,,,7564000.000,,,,0.000,,
