,2013-09-30,2014-03-31,2014-06-30,2014-09-30,2014-12-31,2015-03-31,2015-06-30,2015-09-30,2015-12-31,2016-03-31,2016-06-30,2016-09-30,2016-12-31,2017-03-31
AdjustmentForAmortization,,41612.000,149464.000,487016.000,1047908.000,1630000.000,1646000.000,1787000.000,,,,,,
AdjustmentsToAdditionalPaidInCapitalStockIssuedIssuanceCosts,,168095.000,,,,395000.000,,,,1853000.000,,,,
AmortizationOfFinancingCosts,,74419.000,,,,291000.000,,,,339000.000,,,,352000.000
AmortizationOfFinancingCostsAndDiscounts,,,,,,,,,,153000.000,,,,154000.000
BusinessCombinationAcquisitionRelatedCosts,,563334.000,4166910.000,2235798.000,7759958.000,39000.000,606000.000,4161000.000,2755000.000,148000.000,3162000.000,177000.000,1337000.000,2186000.000
CapitalExpendituresIncurredButNotYetPaid,,,,,,,,,,,,,,2280000.000
CashAndCashEquivalentsPeriodIncreaseDecrease,,1625688.000,,,,11044000.000,,,,2253000.000,,,,-3566000.000
CommonStockDividendsPerShareDeclared,,0.150,0.160,0.160,,0.160,0.160,0.160,,0.160,,,,
ComprehensiveIncomeNetOfTax,,,,,,13774000.000,1189000.000,-7949000.000,111000.000,-3216000.000,-2848000.000,3629000.000,7048000.000,2098000.000
Depreciation,,102340.000,459911.000,1396598.000,2615151.000,3651000.000,3660000.000,4124000.000,,,,,,
DepreciationAndAmortization,,,,,,,,,,,7631000.000,8246000.000,,9370000.000
DepreciationDepletionAndAmortization,,,,,,,,,,6744000.000,,,,
DerivativeInstrumentsGainLossRecognizedInIncomeIneffectivePortionAndAmountExcludedFromEffectivenessTestingNet,,,,,,,,,,,0.000,,,0.000
DirectCostsOfLeasedAndRentedPropertyOrEquipment,,80484.000,213921.000,738151.000,1348444.000,1599000.000,1174000.000,963000.000,-304000.000,944000.000,1286000.000,1301000.000,1557000.000,1403000.000
DistributionAndServicingFees,,,,,,,,,,,,,,127000.000
DividendsCommonStock,,56844.000,,,,3959000.000,,,,7189000.000,,,,10424000.000
EarningsPerShareBasicAndDiluted,-0.920,-2.080,-1.150,-0.100,2.080,0.560,-0.030,-0.120,-0.190,0.030,,,,
EscrowDepositDisbursementsRelatedToPropertyAcquisition1,,,,,,,,,,0.000,,,,
GeneralAndAdministrativeExpense,18417.000,154859.000,236655.000,414577.000,518909.000,502000.000,1069000.000,1019000.000,1536000.000,1225000.000,1265000.000,1395000.000,1138000.000,1095000.000
ImpairmentOfRealEstate,,,,,,,,,,0.000,,,,0.000
IncreaseDecreaseInAccountsPayableAndAccruedLiabilities,,196119.000,,,,-136000.000,,,,-835000.000,,,,451000.000
IncreaseDecreaseInAccountsReceivable,,,,,,,,,,,,,,465000.000
IncreaseDecreaseInDueToAffiliates,,,,,,-2964000.000,,,,295000.000,,,,-634000.000
IncreaseDecreaseInPrepaidDeferredExpenseAndOtherAssets,,,,,,353000.000,,,,70000.000,,,,226000.000
IncreaseDecreaseInRestrictedCash,,287000.000,,,,57000.000,,,,929000.000,,,,-2094000.000
InterestAndDebtExpense,,,,,,,,,,,5005000.000,5322000.000,,5393000.000
InterestAndOtherIncome,,,1103.000,4.000,,,,,,,,,,
InterestExpense,,279456.000,377535.000,1117624.000,2418385.000,3441000.000,4434000.000,4570000.000,5608000.000,5239000.000,,,,
InterestPaid,,195070.000,,,,3044000.000,,,,5104000.000,,,,4738000.000
NetCashProvidedByUsedInFinancingActivities,,26161398.000,,,,14081000.000,,,,-1638000.000,,,,80227000.000
NetCashProvidedByUsedInFinancingActivitiesContinuingOperations,,26161398.000,,,,14081000.000,,,,-1638000.000,,,,80227000.000
NetCashProvidedByUsedInInvestingActivities,,-24287000.000,,,,-18409000.000,,,,-3379000.000,,,,-93557000.000
NetCashProvidedByUsedInInvestingActivitiesContinuingOperations,,-24287000.000,,,,-18409000.000,,,,-3379000.000,,,,-93557000.000
NetCashProvidedByUsedInOperatingActivities,,-248710.000,,,,15372000.000,,,,7270000.000,,,,9764000.000
NetCashProvidedByUsedInOperatingActivitiesContinuingOperations,,-248710.000,,,,15372000.000,,,,7270000.000,,,,9764000.000
NetIncomeLoss,-18417.000,-802935.000,-4303734.000,-1304605.000,-6304726.000,14233000.000,-814000.000,-3794000.000,-2785000.000,1488000.000,-1372000.000,1754000.000,2134000.000,1240000.000
NonoperatingIncomeExpense,,-279456.000,-376432.000,-1117620.000,-2418492.000,-3441000.000,,,,,,,,
OperatingExpenses,,981095.000,5355441.000,5776338.000,14257126.000,8670000.000,9550000.000,14125000.000,16777000.000,13393000.000,17116000.000,15165000.000,16891000.000,18511000.000
OperatingIncomeLoss,,-523479.000,-3927302.000,-186985.000,-3886234.000,17674000.000,3620000.000,776000.000,2823000.000,6727000.000,3633000.000,7076000.000,7210000.000,6633000.000
OperatingLeasesIncomeStatementLeaseRevenue,,377431.000,1256520.000,4984182.000,9162867.000,12378000.000,12555000.000,13941000.000,16541000.000,18021000.000,18541000.000,20037000.000,20791000.000,22331000.000
OtherComprehensiveIncomeLossNetOfTaxPortionAttributableToParent,,,,,,,,-4155000.000,,-4704000.000,-1476000.000,1875000.000,4914000.000,858000.000
OtherComprehensiveIncomeLossReclassificationAdjustmentFromAOCIOnDerivativesNetOfTax,,,,,,,,-752000.000,,-611000.000,-583000.000,-561000.000,-523000.000,-363000.000
OtherComprehensiveIncomeUnrealizedGainLossOnDerivativesArisingDuringPeriodNetOfTax,,,,,,-459000.000,2003000.000,-4907000.000,1080000.000,-5315000.000,-2059000.000,1314000.000,4391000.000,495000.000
PaymentsForDepositsOnRealEstateAcquisitions,,,,,,,,,,2000000.000,,,,1600000.000
PaymentsForProceedsFromDepositOnLoan,,,,,,50000.000,,,,0.000,,,,
PaymentsForRepurchaseOfCommonStock,,,,,,,,,,701000.000,,,,1306000.000
PaymentsOfDebtIssuanceCosts,,,,,,,,,,111000.000,,,,0.000
PaymentsOfDividends,,22291.000,,,,1703000.000,,,,3062000.000,,,,4904000.000
PaymentsOfFinancingCosts,,752895.000,,,,879000.000,,,,150000.000,,,,15000.000
PaymentsOfStockIssuanceCosts,,452344.000,,,,1950000.000,,,,8666000.000,,,,0.000
PaymentsToAcquireAndDevelopRealEstate,,24000000.000,,,,18352000.000,,,,450000.000,,,,95651000.000
ProceedsFromDebtNetOfIssuanceCosts,,,,,,,,,,19889000.000,,,,93500000.000
ProceedsFromIssuanceOfCommonStock,,8401928.000,,,,17601000.000,,,,87748000.000,,,,0.000
ProceedsFromIssuanceOfDebt,,22600000.000,,,,135423000.000,,,,20000000.000,,,,93500000.000
ProceedsFromLinesOfCredit,,16800000.000,,,,135423000.000,,,,,,,,
ProceedsFromRelatedPartyDebt,,5800000.000,,,,0.000,,,,,,,,
ProceedsFromRepaymentsOfRestrictedCashFinancingActivities,,,,,,,,,,942000.000,,,,0.000
ProfitLoss,,,,,,14233000.000,-814000.000,-3794000.000,,,,,,
RealEstateTaxExpense,,,,,,,,601000.000,,1698000.000,1667000.000,1801000.000,1943000.000,1956000.000
RepaymentsOfDebt,,3900000.000,,,,134465000.000,,,,97749000.000,,,,7000000.000
RepaymentsOfLinesOfCredit,,,,,,134465000.000,,,,67749000.000,,,,
RepaymentsOfRelatedPartyDebt,,3900000.000,,,,0.000,,,,30000000.000,,,,0.000
RepaymentsOfShortTermDebt,,,,,,,,,,,,,,7000000.000
Revenues,,457616.000,1428139.000,5589353.000,10370892.000,26344000.000,13170000.000,14901000.000,19600000.000,20120000.000,20749000.000,22241000.000,24101000.000,25144000.000
SalesRevenueNet,,457616.000,1428139.000,5589353.000,10370892.000,26344000.000,13170000.000,14901000.000,19600000.000,20120000.000,20749000.000,22241000.000,24101000.000,25144000.000
StockIssuedDuringPeriodValueDividendReinvestmentPlan,,2825.000,,,,2161000.000,,,,3677000.000,,,,5488000.000
StockIssuedDuringPeriodValueNewIssues,,8404753.000,,,,19762000.000,,,,91425000.000,,,,5488000.000
StockRedeemedOrCalledDuringPeriodValue,,,,,,,,,,701000.000,,,,1306000.000
StraightLineRent,,,,,,,,,,1259000.000,,,,1414000.000
TemporaryEquityIssuePeriodIncreaseOrDecrease,,-2825.000,,,,-2161000.000,,,,-2976000.000,,,,-4187000.000
TenantReimbursements,,80185.000,171619.000,605171.000,1208025.000,1199000.000,615000.000,960000.000,3059000.000,2099000.000,2208000.000,2204000.000,3310000.000,2813000.000
UnrealizedGainLossOnDerivativesAndCommodityContracts,,,,,,-459000.000,,,,-4704000.000,,,,858000.000
WeightedAverageNumberDilutedSharesOutstandingAdjustment,,,,,,,,,,,0.000,0.000,,0.000
WeightedAverageNumberOfShareOutstandingBasicAndDiluted,20000.000,386776.000,3746241.000,13120956.000,-7079462.000,25478991.000,28617793.000,32769919.000,-55662347.000,45844472.000,,,,
