,2013-06-30,2013-09-30,2014-03-31,2014-06-30,2014-09-30,2014-12-31,2015-03-31,2015-06-30,2015-09-30,2015-12-31,2016-03-31,2016-06-30
AllocatedShareBasedCompensationExpense,2740000.000,2289000.000,,,,,1925000.000,1876000.000,1914000.000,,1884000.000,2053000.000
AmortizationOfFinancingCosts,,,2249000.000,,,,2655000.000,,,,2677000.000,
AmortizationOfIntangibleAssets,46296000.000,46350000.000,37051000.000,37001000.000,36993000.000,36636000.000,27463000.000,27464000.000,27374000.000,27017000.000,18590000.000,18052000.000
CashAndCashEquivalentsPeriodIncreaseDecrease,,,34949000.000,,,,5094000.000,,,,48619000.000,
ComprehensiveIncomeNetOfTax,-21280000.000,-13646000.000,-2377000.000,-7609000.000,-1227000.000,,2794000.000,13662000.000,-550000.000,13512000.000,12368000.000,-10464000.000
ConstructionInProgressExpendituresIncurredButNotYetPaid,,,,,,,,,,,14903000.000,
CostOfGoodsAndServicesSold,5937000.000,5418000.000,11313000.000,10615000.000,10996000.000,10730000.000,14266000.000,13882000.000,15265000.000,17255000.000,24410000.000,28222000.000
CostOfGoodsSoldSubscription,21661000.000,23314000.000,23368000.000,23895000.000,24080000.000,24556000.000,25695000.000,25584000.000,25353000.000,26419000.000,27350000.000,27641000.000
CostOfRevenue,27598000.000,28732000.000,34681000.000,34510000.000,35076000.000,35286000.000,39961000.000,39466000.000,40618000.000,43674000.000,51760000.000,55863000.000
DeferredIncomeTaxExpenseBenefit,,,,,,,-9378000.000,,,,-8412000.000,
Depreciation,,,5099000.000,,,,5562000.000,,,,5713000.000,
EffectiveIncomeTaxRateContinuingOperations,0.479,0.489,0.878,0.435,0.910,,-0.717,-0.676,0.858,,,
FederalIncomeTaxExpenseBenefitContinuingOperations,19600000.000,,,,,,,,,,,
GeneralAndAdministrativeExpense,13456000.000,14234000.000,14214000.000,15341000.000,12927000.000,18489000.000,11455000.000,12427000.000,14180000.000,16365000.000,15350000.000,19533000.000
GrossProfit,104350000.000,111203000.000,118965000.000,121542000.000,119608000.000,119876000.000,124636000.000,129958000.000,130856000.000,133936000.000,144750000.000,155561000.000
IncomeLossFromContinuingOperationsBeforeIncomeTaxesMinorityInterestAndIncomeLossFromEquityMethodInvestments,-40837000.000,-26685000.000,-19442000.000,-13475000.000,-13618000.000,-14931000.000,1627000.000,8150000.000,-3868000.000,143000.000,12756000.000,-15984000.000
IncomeLossFromSubsidiariesNetOfTax,,,,,,,,,0.000,,0.000,0.000
IncomeTaxExpenseBenefit,-19557000.000,-13039000.000,-17065000.000,-5866000.000,-12391000.000,-7416000.000,-1167000.000,-5512000.000,-3318000.000,-13369000.000,388000.000,-5520000.000
IncomeTaxesPaidNet,,,-2597000.000,,,,205000.000,,,,461000.000,
IncreaseDecreaseInAccountsPayableAndAccruedLiabilities,,,5636000.000,,,,-7252000.000,,,,124000.000,
IncreaseDecreaseInAccountsReceivable,,,-665000.000,,,,1306000.000,,,,234000.000,
IncreaseDecreaseInDeferredRevenue,,,14697000.000,,,,11023000.000,,,,16052000.000,
IncreaseDecreaseInIncomeTaxesPayableNetOfIncomeTaxesReceivable,,,-222000.000,,,,8039000.000,,,,8342000.000,
IncreaseDecreaseInOtherOperatingAssets,,,-568000.000,,,,-396000.000,,,,2523000.000,
InterestExpense,29492000.000,,,,,,,,,,,
InterestIncomeExpenseNet,,-19069000.000,-17391000.000,-17759000.000,-17232000.000,-17298000.000,-17208000.000,-16622000.000,-28352000.000,-18874000.000,-20081000.000,-19731000.000
InterestPaid,,,6922000.000,,,,6429000.000,,,,9368000.000,
LineOfCreditFacilityCommitmentFeePercentage,,,0.005,,,,0.005,0.005,,,,
MarketingAndAdvertisingExpense,34364000.000,36550000.000,45205000.000,40986000.000,42150000.000,40195000.000,43177000.000,41203000.000,40253000.000,46461000.000,51800000.000,55433000.000
NetCashProvidedByUsedInFinancingActivities,,,-10577000.000,,,,-22918000.000,,,,-2883000.000,
NetCashProvidedByUsedInFinancingActivitiesContinuingOperations,,,-10577000.000,,,,-22918000.000,,,,-2883000.000,
NetCashProvidedByUsedInInvestingActivities,,,-12481000.000,,,,-21552000.000,,,,-12070000.000,
NetCashProvidedByUsedInInvestingActivitiesContinuingOperations,,,-12481000.000,,,,-21552000.000,,,,-12070000.000,
NetCashProvidedByUsedInOperatingActivities,,,58007000.000,,,,49564000.000,,,,63572000.000,
NetCashProvidedByUsedInOperatingActivitiesContinuingOperations,,,58007000.000,,,,49564000.000,,,,63572000.000,
NetIncomeLoss,-21280000.000,-13646000.000,-2377000.000,-7609000.000,-1227000.000,-7515000.000,2794000.000,13662000.000,-550000.000,13512000.000,12368000.000,-10464000.000
OperatingExpenses,115534000.000,119097000.000,121035000.000,117564000.000,115813000.000,116997000.000,105538000.000,105376000.000,106216000.000,114814000.000,111744000.000,151535000.000
OperatingIncomeLoss,-11184000.000,-7894000.000,-2070000.000,3978000.000,3795000.000,2879000.000,19098000.000,24582000.000,24640000.000,19122000.000,33006000.000,4026000.000
OtherNonoperatingIncomeExpense,-161000.000,278000.000,19000.000,306000.000,-181000.000,-512000.000,-263000.000,190000.000,-156000.000,-105000.000,-169000.000,-279000.000
PaymentsOfCapitalDistribution,,,,,,,400000.000,,,,1045000.000,
PaymentsToAcquireInterestInSubsidiariesAndAffiliates,,,,,,,,,,,0.000,
PaymentsToAcquirePropertyPlantAndEquipment,,,4495000.000,,,,4152000.000,,,,5850000.000,
ProceedsFromContributedCapital,,,16000.000,,,,,,,,,
RepaymentsOfDebt,,,9393000.000,,,,22518000.000,,,,1838000.000,
ResearchAndDevelopmentExpense,21418000.000,21963000.000,24565000.000,24236000.000,23743000.000,21677000.000,23443000.000,24282000.000,24409000.000,24971000.000,26004000.000,27643000.000
Revenues,131948000.000,139935000.000,153646000.000,156052000.000,154684000.000,155162000.000,164597000.000,169424000.000,171474000.000,177610000.000,196510000.000,211424000.000
SalesRevenueNet,9240000.000,10416000.000,16452000.000,18091000.000,15722000.000,15469000.000,22880000.000,24016000.000,23920000.000,177610000.000,41866000.000,51221000.000
ShareBasedCompensation,,,1806000.000,2018000.000,2172000.000,2008000.000,1925000.000,,,,1884000.000,
ShareBasedCompensationArrangementByShareBasedPaymentAwardEquityInstrumentsOtherThanOptionsForfeituresWeightedAverageGrantDateFairValue,,,77.480,,,,,,,,,
ShareBasedCompensationArrangementByShareBasedPaymentAwardEquityInstrumentsOtherThanOptionsGrantsInPeriod,,,1000.000,,,,,,,,,
ShareBasedCompensationArrangementByShareBasedPaymentAwardEquityInstrumentsOtherThanOptionsGrantsInPeriodWeightedAverageGrantDateFairValue,,,77.480,,,,,,,,,
ShareBasedCompensationArrangementByShareBasedPaymentAwardEquityInstrumentsOtherThanOptionsVestedInPeriod,,,16000.000,,,,,,,,,
ShareBasedCompensationArrangementByShareBasedPaymentAwardEquityInstrumentsOtherThanOptionsVestedInPeriodWeightedAverageGrantDateFairValue,,,68.930,,,,,,,,,
ShareBasedCompensationArrangementByShareBasedPaymentAwardFairValueAssumptionsExpectedVolatilityRate,,,0.460,,,,,,,,,
ShareBasedCompensationArrangementByShareBasedPaymentAwardFairValueAssumptionsRiskFreeInterestRate,,,0.015,,,,,,,,,
ShareBasedCompensationArrangementByShareBasedPaymentAwardPlanModificationIncrementalCompensationCost,,,0.000,,,,,,,,,
SubscriptionRevenue,122708000.000,129519000.000,137194000.000,137961000.000,138962000.000,139693000.000,141717000.000,145408000.000,147554000.000,149396000.000,154644000.000,160203000.000
