,2014-03-31,2014-06-30,2014-09-30,2014-12-31,2015-03-31,2015-06-30,2015-09-30,2015-12-31,2016-03-31,2016-06-30,2016-09-30,2016-12-31,2017-03-31
AllocatedShareBasedCompensationExpense,12701000.000,6764000.000,9350000.000,14419000.000,15626000.000,14662000.000,12251000.000,11511000.000,11330000.000,9904000.000,9895000.000,10040000.000,10269000.000
AntidilutiveSecuritiesExcludedFromComputationOfEarningsPerShareAmount,,2464000.000,4039000.000,,4748000.000,6944000.000,6887000.000,-13840000.000,5633000.000,4798000.000,3644000.000,-3657000.000,10088000.000
CommonStockDividendsShares,,,,,32260105.000,,,,,,,,
ComprehensiveIncomeNetOfTax,-60018000.000,-58195000.000,-54592000.000,-64406000.000,-42361000.000,-47610000.000,-47295000.000,-44941000.000,-41954000.000,-47170000.000,-34104000.000,-67624000.000,-65338000.000
CostOfGoodsSold,188000.000,279000.000,369000.000,3222000.000,371000.000,505000.000,581000.000,3200000.000,778000.000,638000.000,332000.000,1146000.000,565000.000
DepreciationDepletionAndAmortization,732000.000,,,,586000.000,,,,699000.000,,,,1083000.000
EarningsPerShareBasicAndDiluted,,-1.830,-1.720,,-1.290,-1.420,-1.400,-1.230,-1.100,-1.060,-0.730,-1.370,-1.270
EmployeeServiceShareBasedCompensationAllocationOfRecognizedPeriodCostsCapitalizedAmount,,92000.000,,,,,,,,,,,
ExcessTaxBenefitFromShareBasedCompensationFinancingActivities,,,,,391000.000,,,,0.000,,,,
ExcessTaxBenefitFromShareBasedCompensationOperatingActivities,,,,,391000.000,,,,0.000,,,,
IncomeLossFromContinuingOperationsBeforeIncomeTaxesExtraordinaryItemsNoncontrollingInterest,,-56492000.000,-49394000.000,,-37526000.000,-45089000.000,-42991000.000,-55662000.000,-41456000.000,-47189000.000,-33150000.000,-58764000.000,-59936000.000
IncomeTaxExpenseBenefit,0.000,1723000.000,5101000.000,-460000.000,4948000.000,2514000.000,4323000.000,-10834000.000,694000.000,36000.000,812000.000,8568000.000,5383000.000
IncomeTaxesPaid,,,,,,,,,9494000.000,,,,
IncomeTaxesPaidNet,,,,,,,,,,,,,0.000
IncreaseDecreaseInAccountsPayable,-1094000.000,,,,-5431000.000,,,,-9450000.000,,,,2004000.000
IncreaseDecreaseInAccountsReceivable,-196000.000,,,,276000.000,,,,-395000.000,,,,587000.000
IncreaseDecreaseInAccruedLiabilities,4563000.000,,,,-6184000.000,,,,5718000.000,,,,-3214000.000
IncreaseDecreaseInDeferredCharges,-117000.000,,,,106000.000,,,,149000.000,,,,292000.000
IncreaseDecreaseInDeferredRevenue,-412000.000,,,,212000.000,,,,1141000.000,,,,17000.000
IncreaseDecreaseInDueFromRelatedPartiesCurrent,,,,,,,,,,,,,26000.000
IncreaseDecreaseInInventories,617000.000,,,,41000.000,,,,-134000.000,,,,-140000.000
IncreaseDecreaseInOtherNoncurrentLiabilities,,,,,321000.000,,,,590000.000,,,,5354000.000
IncreaseDecreaseInOtherOperatingAssets,,,,,180000.000,,,,-255000.000,,,,-266000.000
IncreaseDecreaseInOtherReceivables,-844000.000,,,,,,,,,,,,
IncreaseDecreaseInPrepaidDeferredExpenseAndOtherAssets,1811000.000,,,,674000.000,,,,,,,,
IncreaseDecreaseInPrepaidExpensesOther,,,,,,,,,5050000.000,,,,1211000.000
IncreaseDecreaseInPrepaidTaxes,,,,,,,,,-12522000.000,,,,0.000
InterestExpense,,,,,,,,,,,,,2137000.000
InterestPaid,,,,,,,,,,,,,0.000
InventoryWriteDown,,,,,79000.000,,,,10000.000,,,,0.000
InvestmentIncomeAmortizationOfPremium,,,,,239000.000,,,,,,,,
NetCashProvidedByUsedInContinuingOperations,0.000,,,,11684000.000,,,,16096000.000,,,,-174764000.000
NetCashProvidedByUsedInFinancingActivities,46419000.000,,,,26044000.000,,,,26020000.000,,,,-1216000.000
NetCashProvidedByUsedInFinancingActivitiesContinuingOperations,46419000.000,,,,26044000.000,,,,26020000.000,,,,-1216000.000
NetCashProvidedByUsedInInvestingActivities,-1620000.000,,,,42154000.000,,,,16385000.000,,,,-123522000.000
NetCashProvidedByUsedInInvestingActivitiesContinuingOperations,-1620000.000,,,,42154000.000,,,,16385000.000,,,,-123522000.000
NetCashProvidedByUsedInOperatingActivities,-44799000.000,,,,-56514000.000,,,,-26309000.000,,,,-50026000.000
NetCashProvidedByUsedInOperatingActivitiesContinuingOperations,-44799000.000,,,,-56514000.000,,,,-26309000.000,,,,-50026000.000
NetIncomeLoss,-60018000.000,-58215000.000,-54495000.000,-64310000.000,-42474000.000,-47603000.000,-47314000.000,-44828000.000,-42150000.000,-47225000.000,-33962000.000,-67332000.000,-65319000.000
OperatingExpenses,60963000.000,59680000.000,56398000.000,67186000.000,58138000.000,52427000.000,53793000.000,59667000.000,60052000.000,52968000.000,52569000.000,63526000.000,61916000.000
OperatingIncomeLoss,,-56706000.000,-50062000.000,,-37737000.000,-45293000.000,-43095000.000,-55774000.000,-41642000.000,-47497000.000,-33494000.000,-57834000.000,-58829000.000
OtherComprehensiveIncomeAvailableforsaleSecuritiesAdjustmentNetOfTaxPortionAttributableToParent,,20000.000,-97000.000,,113000.000,-7000.000,,,,,,,
OtherComprehensiveIncomeUnrealizedHoldingGainLossOnSecuritiesArisingDuringPeriodNetOfTax,,,,,,,19000.000,,196000.000,55000.000,-142000.000,-292000.000,-19000.000
OtherNoncashIncomeExpense,,,,,,,,,,,,,-53000.000
OtherNonoperatingIncomeExpense,,214000.000,668000.000,,211000.000,204000.000,104000.000,112000.000,186000.000,308000.000,344000.000,474000.000,1030000.000
PaymentsRelatedToTaxWithholdingForShareBasedCompensation,,,,,100000.000,,,,1782000.000,,,,4032000.000
PaymentsToAcquireAvailableForSaleSecurities,,,,,10659000.000,,,,0.000,,,,159217000.000
PaymentsToAcquireProductiveAssets,,,,,,,,,,,,,587000.000
PaymentsToAcquirePropertyPlantAndEquipment,1620000.000,,,,657000.000,,,,684000.000,,,,
ProceedsFromContributionsFromParent,46419000.000,,,,0.000,,,,,,,,
ProceedsFromIssuanceOfCommonStock,,,,,,,,,27802000.000,,,,0.000
ProceedsFromSaleAndCollectionOfNotesReceivable,0.000,,,,,,,,,,,,
ProceedsFromSaleAndMaturityOfAvailableForSaleSecurities,,,,,53470000.000,,,,17069000.000,,,,36282000.000
ProceedsFromStockOptionsExercised,,,,,,,,,,,,,2816000.000
ResearchAndDevelopmentExpense,41723000.000,46283000.000,38324000.000,42192000.000,36019000.000,30377000.000,30367000.000,32402000.000,35678000.000,32069000.000,31951000.000,42014000.000,40565000.000
Revenues,945000.000,2974000.000,6336000.000,1433000.000,20401000.000,7134000.000,10698000.000,3893000.000,18410000.000,5471000.000,19075000.000,5692000.000,3087000.000
SalesRevenueGoodsNet,945000.000,861000.000,1303000.000,1309000.000,1280000.000,2124000.000,2312000.000,3692000.000,3311000.000,5359000.000,3901000.000,5032000.000,3050000.000
SalesRevenueNet,945000.000,2974000.000,6336000.000,1433000.000,20401000.000,7134000.000,10698000.000,3893000.000,18410000.000,5471000.000,19075000.000,5692000.000,3087000.000
SellingGeneralAndAdministrativeExpense,19052000.000,13118000.000,17705000.000,21772000.000,21748000.000,21545000.000,22845000.000,24065000.000,23596000.000,20261000.000,20286000.000,20366000.000,20786000.000
ShareBasedCompensation,12701000.000,,,,15626000.000,,,,11330000.000,,,,10269000.000
WeightedAverageNumberOfShareOutstandingBasicAndDiluted,,31768000.000,31754000.000,,32830000.000,33532000.000,33689000.000,-65901000.000,38326000.000,44407000.000,46470000.000,-84492000.000,51617000.000
WeightedAverageNumberOfSharesIssuedBasic,,32260000.000,,,,,,,,,,,
WeightedAverageNumberOfSharesRestrictedStock,,492000.000,,,,,,,,,,,
