,2014-03-31,2014-06-30,2014-09-30,2014-12-31,2015-03-31,2015-06-30,2015-09-30,2015-12-31,2016-03-31,2016-06-30,2016-09-30,2016-12-31,2017-03-31
AdjustmentsRelatedToTaxWithholdingForShareBasedCompensation,,,,,,,,,2000000.000,,,,
AdjustmentsToAdditionalPaidInCapitalSharebasedCompensationRequisiteServicePeriodRecognitionValue,4000000.000,,,,5000000.000,,,,2000000.000,,,,-3000000.000
AllocatedShareBasedCompensationExpense,9000000.000,8000000.000,2000000.000,,5000000.000,5000000.000,5000000.000,,5000000.000,5000000.000,5000000.000,,-1000000.000
AmortizationOfFinancingCosts,5000000.000,6000000.000,5000000.000,5000000.000,5000000.000,4000000.000,4000000.000,5000000.000,4000000.000,,4000000.000,,4000000.000
AssetRetirementObligationAccretionExpense,1000000.000,,,,1000000.000,,,,1000000.000,,,,1000000.000
AssetRetirementObligationLiabilitiesIncurred,1000000.000,,,,1000000.000,,,,,,,,
AssetRetirementObligationLiabilitiesSettled,1000000.000,,,,1000000.000,,,,,,,,
CashAndCashEquivalentsPeriodIncreaseDecrease,36000000.000,,,,-13000000.000,,,,65000000.000,,,,15000000.000
CostOfNaturalGasPurchases,3000000.000,5000000.000,8000000.000,7000000.000,7000000.000,8000000.000,9000000.000,7000000.000,,,,,
CostOfPurchasedOilAndGas,,,,,,,,,4000000.000,3000000.000,2000000.000,,1000000.000
CurrentIncomeTaxExpenseBenefit,1000000.000,,,,,,,,,,,,
DeferredIncomeTaxExpenseBenefit,-51000000.000,,,,10000000.000,,,,,,,,
DeferredOtherTaxExpenseBenefit,,,,,,,,,35000000.000,24000000.000,-16000000.000,,-15000000.000
DepreciationDepletionAndAmortization,198000000.000,214000000.000,228000000.000,235000000.000,224000000.000,253000000.000,260000000.000,246000000.000,113000000.000,97000000.000,132000000.000,120000000.000,126000000.000
DilutiveSecurities,0.000,,,,,,,,,30000.000,,,
EarningsPerShareBasic,,,,,,,,,0.390,0.250,-0.180,,-0.190
EarningsPerShareBasicAndDiluted,-0.380,-0.490,1.250,2.640,0.080,-0.870,0.720,-15.300,,,,,
EarningsPerShareDiluted,,,,,,,,,0.380,0.250,-0.180,,-0.190
EffectiveIncomeTaxRateContinuingOperations,0.360,0.380,0.380,-0.747,,,0.350,,0.000,,0.010,,0.000
EffectiveIncomeTaxRateReconciliationAtFederalStatutoryIncomeTaxRate,,0.350,,,,,,,,,,,
ExplorationExpense,8000000.000,5000000.000,5000000.000,7000000.000,6000000.000,6000000.000,2000000.000,6000000.000,1000000.000,1000000.000,1000000.000,2000000.000,3000000.000
FairValueAssumptionsRiskFreeInterestRate,0.070,,,,,,,,,,,,
GainLossOnDerivativeInstrumentsNetPretax,-135000000.000,-290000000.000,381000000.000,1029000000.000,203000000.000,-179000000.000,434000000.000,209000000.000,42000000.000,-105000000.000,43000000.000,-53000000.000,70000000.000
GainLossOnDispositionOfAssets1,,,,,,,,,,82000000.000,-4000000.000,,
GainsLossesOnExtinguishmentOfDebt,-17000000.000,,,,0.000,-41000000.000,0.000,0.000,196000000.000,162000000.000,26000000.000,0.000,-53000000.000
ImpairmentOfOilAndGasProperties,,,1000000.000,,,,0.000,,,,,,
IncomeLossFromContinuingOperations,-99000000.000,-112000000.000,306000000.000,632000000.000,19000000.000,-212000000.000,176000000.000,-3731000000.000,,,,,
IncomeLossFromContinuingOperationsBeforeIncomeTaxesExtraordinaryItemsNoncontrollingInterest,-155000000.000,-180000000.000,497000000.000,997000000.000,29000000.000,-330000000.000,271000000.000,-4296000000.000,94000000.000,62000000.000,-42000000.000,-140000000.000,-47000000.000
IncomeLossFromContinuingOperationsPerBasicAndDilutedShare,-0.420,-0.460,1.250,2.630,0.080,-0.870,0.720,-15.300,,,,,
IncomeLossFromDiscontinuedOperationsNetOfTaxAttributableToReportingEntity,9000000.000,-6000000.000,-1000000.000,2000000.000,0.000,0.000,0.000,0.000,,,,,
IncomeLossFromDiscontinuedOperationsNetOfTaxPerBasicAndDilutedShare,0.040,-0.030,,,0.000,0.000,0.000,0.000,,,,,
IncomeTaxExpenseBenefit,-56000000.000,-68000000.000,191000000.000,365000000.000,10000000.000,-118000000.000,95000000.000,-565000000.000,0.000,0.000,1000000.000,0.000,0.000
IncreaseDecreaseInAccountsPayable,6000000.000,,,,-90000000.000,,,,-32000000.000,,,,2000000.000
IncreaseDecreaseInAccountsReceivable,16000000.000,,,,-38000000.000,,,,-91000000.000,,,,9000000.000
IncreaseDecreaseInDerivativeAssetsAndLiabilities,-111000000.000,,,,-14000000.000,,,,-171000000.000,,,,43000000.000
IncreaseDecreaseInInterestPayableNet,53000000.000,,,,53000000.000,,,,43000000.000,,,,48000000.000
IncreaseDecreaseInOtherOperatingAssets,-4000000.000,,,,-23000000.000,,,,1000000.000,,,,-1000000.000
IncreaseDecreaseInOtherOperatingLiabilities,-15000000.000,,,,-13000000.000,,,,9000000.000,,,,-19000000.000
InterestCostsCapitalized,5000000.000,5000000.000,6000000.000,5000000.000,4000000.000,5000000.000,3000000.000,2000000.000,2000000.000,1000000.000,1000000.000,0.000,1000000.000
InterestExpense,79000000.000,80000000.000,76000000.000,83000000.000,84000000.000,81000000.000,84000000.000,81000000.000,84000000.000,73000000.000,74000000.000,81000000.000,83000000.000
LeaseOperatingExpense,47000000.000,50000000.000,48000000.000,48000000.000,47000000.000,47000000.000,45000000.000,47000000.000,42000000.000,38000000.000,37000000.000,42000000.000,40000000.000
NaturalGasProductionRevenue,87000000.000,75000000.000,67000000.000,55000000.000,48000000.000,46000000.000,58000000.000,48000000.000,42000000.000,25000000.000,27000000.000,28000000.000,30000000.000
NetCashProvidedByUsedInFinancingActivities,255000000.000,,,,128000000.000,,,,-57000000.000,,,,17000000.000
NetCashProvidedByUsedInFinancingActivitiesContinuingOperations,255000000.000,,,,128000000.000,,,,-57000000.000,,,,17000000.000
NetCashProvidedByUsedInInvestingActivities,-442000000.000,,,,-432000000.000,,,,-179000000.000,,,,-119000000.000
NetCashProvidedByUsedInInvestingActivitiesContinuingOperations,-442000000.000,,,,-432000000.000,,,,-179000000.000,,,,-119000000.000
NetCashProvidedByUsedInOperatingActivities,223000000.000,,,,291000000.000,,,,301000000.000,,,,117000000.000
NetCashProvidedByUsedInOperatingActivitiesContinuingOperations,223000000.000,,,,291000000.000,,,,301000000.000,,,,117000000.000
NetIncomeLoss,-90000000.000,-118000000.000,305000000.000,634000000.000,19000000.000,-212000000.000,176000000.000,-3731000000.000,94000000.000,62000000.000,-43000000.000,-140000000.000,-47000000.000
OilAndCondensateRevenue,411000000.000,461000000.000,474000000.000,359000000.000,229000000.000,307000000.000,245000000.000,200000000.000,129000000.000,165000000.000,169000000.000,190000000.000,204000000.000
OperatingIncomeLoss,-59000000.000,-100000000.000,573000000.000,1079000000.000,113000000.000,-208000000.000,355000000.000,-4215000000.000,-18000000.000,-27000000.000,6000000.000,-59000000.000,89000000.000
OtherNoncashIncomeExpense,,,,,1000000.000,,,,-9000000.000,,,,-5000000.000
PaymentsOfDebtIssuanceCosts,,,,,,,,,,,,,19000000.000
PaymentsRelatedToTaxWithholdingForShareBasedCompensation,,,,,,,,,2000000.000,,,,3000000.000
PaymentsToExploreAndDevelopOilAndGasProperties,459000000.000,,,,432000000.000,,,,179000000.000,,,,119000000.000
ProceedsFromIssuanceOfCommonStock,669000000.000,,,,0.000,,,,,,,,
ProceedsFromIssuanceOfLongTermDebt,550000000.000,,,,364000000.000,,,,325000000.000,,,,1125000000.000
ProceedsFromSaleOfOilAndGasPropertyAndEquipment,17000000.000,,,,0.000,,,,,,,,
ProceedsFromSaleOfPropertyPlantAndEquipment,,,,,,,,,420000000.000,390000000.000,,,
RepaymentsOfDebt,,,,,,,,,143000000.000,,,,
RepaymentsOfLongTermDebt,964000000.000,,,,236000000.000,,,,380000000.000,,,,1086000000.000
ResultsOfOperationsExpenseFromOilAndGasProducingActivities,449000000.000,376000000.000,380000000.000,386000000.000,380000000.000,397000000.000,398000000.000,4688000000.000,242000000.000,127000000.000,249000000.000,247000000.000,238000000.000
ResultsOfOperationsGeneralAndAdministrativeRelatedToOilAndGasProducingActivities,133000000.000,42000000.000,33000000.000,36000000.000,47000000.000,35000000.000,32000000.000,34000000.000,38000000.000,32000000.000,31000000.000,45000000.000,20000000.000
ResultsOfOperationsTransportationCosts,26000000.000,26000000.000,22000000.000,26000000.000,27000000.000,25000000.000,30000000.000,34000000.000,30000000.000,24000000.000,27000000.000,28000000.000,29000000.000
Revenues,390000000.000,276000000.000,953000000.000,1465000000.000,493000000.000,189000000.000,753000000.000,473000000.000,224000000.000,100000000.000,255000000.000,188000000.000,327000000.000
SalesRevenueNet,390000000.000,276000000.000,953000000.000,1465000000.000,493000000.000,189000000.000,753000000.000,473000000.000,224000000.000,100000000.000,255000000.000,188000000.000,327000000.000
ShareBasedCompensation,4000000.000,,,,5000000.000,,,,,,,,
SiteContingencyLossExposureNotAccruedHighEstimate,3000000.000,,,,1000000.000,,,,1000000.000,,,,
StockIssuedDuringPeriodValueNewIssues,669000000.000,,,,,,,,,,,,
StockIssuedDuringPeriodValueShareBasedCompensationForfeited,,,,,,,,,,,,,7000000.000
TaxesOther,34000000.000,34000000.000,35000000.000,26000000.000,22000000.000,23000000.000,20000000.000,15000000.000,14000000.000,14000000.000,15000000.000,7000000.000,19000000.000
WeightedAverageNumberOfDilutedSharesOutstanding,,,,,,,,,248000000.000,245000000.000,245000000.000,,245000000.000
WeightedAverageNumberOfShareOutstandingBasicAndDiluted,238000000.000,244000000.000,244000000.000,-484000000.000,244000000.000,244000000.000,244000000.000,-488000000.000,,,,,
WeightedAverageNumberOfSharesOutstandingBasic,,,,,,,,,244000000.000,245000000.000,245000000.000,,245000000.000
WriteOffOfDeferredDebtIssuanceCost,,,,,,,,,6000000.000,13000000.000,1000000.000,1000000.000,30000000.000
