,2014-03-31,2014-06-30,2014-09-30,2014-12-31,2015-03-31,2015-06-30,2015-09-30,2015-12-31,2016-03-31,2016-06-30,2016-09-30,2016-12-31,2017-03-31
AccretionExpense,,,,,,,,,,,,,149000.000
AllocatedShareBasedCompensationExpense,265000.000,760000.000,734000.000,762000.000,875000.000,713000.000,994000.000,903000.000,,,,,
BusinessAcquisitionsProFormaNetIncomeLoss,,,-5987000.000,,,,,,,,,,
BusinessAcquisitionsProFormaRevenue,,,13335000.000,,,,,,,,,,
BusinessCombinationContingentConsiderationArrangementsChangeInAmountOfContingentConsiderationLiability1,,,,,47000.000,,,,55000.000,,,,-2357000.000
CashAndCashEquivalentsPeriodIncreaseDecrease,-8864000.000,,,,43862000.000,,,,-14984000.000,,,,-15977000.000
ComprehensiveIncomeNetOfTax,-2535000.000,-6554000.000,-6767000.000,-7140000.000,-6960000.000,-6626000.000,-4877000.000,-6722000.000,-7375000.000,-7393000.000,-4407000.000,-5648000.000,-7853000.000
CostOfGoodsSold,3041000.000,2822000.000,2944000.000,2418000.000,3070000.000,2885000.000,3757000.000,3585000.000,3293000.000,3512000.000,3616000.000,3535000.000,3245000.000
CostOfRevenue,6012000.000,5993000.000,6512000.000,5492000.000,6655000.000,6502000.000,8069000.000,8318000.000,8165000.000,8606000.000,11503000.000,11198000.000,10497000.000
CostOfServices,2971000.000,3171000.000,3568000.000,3074000.000,3585000.000,3617000.000,4312000.000,4733000.000,4872000.000,5094000.000,7887000.000,7663000.000,7252000.000
DepreciationDepletionAndAmortization,351000.000,,,,453000.000,,,,581000.000,,,,1003000.000
EarningsPerShareBasicAndDiluted,-0.180,-0.360,-0.350,-0.390,-0.310,-0.330,-0.200,-0.280,-0.320,-0.290,-0.180,-0.210,-0.360
EffectOfExchangeRateOnCashAndCashEquivalents,193000.000,,,,-194000.000,,,,-263000.000,,,,110000.000
FairValueAdjustmentOfWarrants,10000.000,,,,,,,,,,,,
FairValueAssumptionsExpectedDividendPayments,0.000,,,,,,,,,,,,
FairValueAssumptionsExpectedVolatilityRate,0.482,,,,,,,,,,,,
FairValueAssumptionsRiskFreeInterestRate,0.027,,,,,,,,,,,,
FairValueMeasurementWithUnobservableInputsReconciliationRecurringBasisLiabilityGainLossIncludedInEarnings,,,,,,,,,,,60000.000,,
FairValueMeasurementWithUnobservableInputsReconciliationRecurringBasisLiabilityGainLossIncludedInOtherComprehensiveIncome,,,-51000.000,,-139000.000,44000.000,3000.000,-35000.000,55000.000,-32000.000,14000.000,-91000.000,
FairValueMeasurementWithUnobservableInputsReconciliationRecurringBasisLiabilityPeriodIncreaseDecrease,,,,,,,,,,,,,-2357000.000
ForeignCurrencyTransactionGainLossBeforeTax,-145000.000,-262000.000,76000.000,-21000.000,165000.000,-674000.000,476000.000,-110000.000,363000.000,874000.000,470000.000,-343000.000,-106000.000
GeneralAndAdministrativeExpense,3912000.000,3968000.000,3567000.000,3390000.000,3867000.000,3784000.000,4137000.000,4222000.000,4583000.000,5151000.000,6466000.000,6981000.000,6876000.000
GoodwillAndIntangibleAssetImpairment,,,0.000,,,,,,,,,,
GrossProfit,6262000.000,5795000.000,6813000.000,6626000.000,7146000.000,7750000.000,9875000.000,8467000.000,8945000.000,10548000.000,14606000.000,12507000.000,11008000.000
IncomeLossFromContinuingOperationsBeforeIncomeTaxesExtraordinaryItemsNoncontrollingInterest,-3121000.000,-6240000.000,-6042000.000,-6617000.000,-6264000.000,-7293000.000,-4437000.000,-6338000.000,-7014000.000,-6449000.000,-3936000.000,-8724000.000,-8025000.000
IncomeTaxExpenseBenefit,32000.000,-6000.000,53000.000,75000.000,47000.000,1000.000,46000.000,52000.000,35000.000,-3000.000,60000.000,-3866000.000,47000.000
IncreaseDecreaseInAccountsPayable,2282000.000,,,,480000.000,,,,-1308000.000,,,,522000.000
IncreaseDecreaseInAccountsReceivable,3828000.000,,,,627000.000,,,,1456000.000,,,,3573000.000
IncreaseDecreaseInAccruedLiabilities,-3240000.000,,,,-2298000.000,,,,-3051000.000,,,,-1430000.000
IncreaseDecreaseInDeferredRevenue,955000.000,,,,-11000.000,,,,-1496000.000,,,,6000.000
IncreaseDecreaseInInventories,512000.000,,,,-457000.000,,,,1490000.000,,,,806000.000
IncreaseDecreaseInPrepaidDeferredExpenseAndOtherAssets,1605000.000,,,,1733000.000,,,,-128000.000,,,,1406000.000
IncreaseDecreaseInRestrictedCash,-57000.000,,,,-200000.000,,,,,,,,
InterestIncomeExpenseNet,-35000.000,-28000.000,-41000.000,52000.000,-15000.000,-19000.000,-19000.000,-14000.000,-17000.000,-17000.000,-54000.000,-776000.000,-823000.000
NetCashProvidedByUsedInFinancingActivities,-41000.000,,,,53732000.000,,,,-8000.000,,,,-148000.000
NetCashProvidedByUsedInFinancingActivitiesContinuingOperations,-41000.000,,,,53732000.000,,,,-8000.000,,,,-148000.000
NetCashProvidedByUsedInInvestingActivities,-541000.000,,,,-1008000.000,,,,-731000.000,,,,-1301000.000
NetCashProvidedByUsedInInvestingActivitiesContinuingOperations,-541000.000,,,,-1008000.000,,,,-731000.000,,,,-1301000.000
NetCashProvidedByUsedInOperatingActivities,-8475000.000,,,,-8668000.000,,,,-13982000.000,,,,-14638000.000
NetCashProvidedByUsedInOperatingActivitiesContinuingOperations,-8475000.000,,,,-8668000.000,,,,-13982000.000,,,,-14638000.000
NetIncomeLoss,-3153000.000,-6234000.000,-6095000.000,-6692000.000,-6311000.000,-7294000.000,-4483000.000,-6390000.000,-7049000.000,-6446000.000,-3996000.000,-4858000.000,-8072000.000
OperatingExpenses,9201000.000,11826000.000,12981000.000,13349000.000,13667000.000,14357000.000,14705000.000,14685000.000,16139000.000,17883000.000,18852000.000,19709000.000,17964000.000
OperatingIncomeLoss,-2939000.000,-6031000.000,-6168000.000,-6723000.000,-6521000.000,-6607000.000,-4830000.000,-6218000.000,-7194000.000,-7335000.000,-4246000.000,-7202000.000,-6956000.000
OtherComprehensiveIncomeLossForeignCurrencyTransactionAndTranslationAdjustmentNetOfTax,618000.000,-320000.000,-672000.000,-448000.000,-649000.000,668000.000,-394000.000,-332000.000,-326000.000,-947000.000,-411000.000,-790000.000,219000.000
OtherComprehensiveIncomeLossNetOfTax,618000.000,-320000.000,-672000.000,-448000.000,-649000.000,668000.000,-394000.000,-332000.000,-326000.000,-947000.000,-411000.000,-790000.000,219000.000
OtherNonoperatingIncomeExpense,-2000.000,81000.000,91000.000,75000.000,107000.000,7000.000,-64000.000,4000.000,-166000.000,29000.000,-106000.000,-403000.000,-140000.000
PaymentsForRestructuring,,,,,64000.000,,,,,,,,
PaymentsRelatedToTaxWithholdingForShareBasedCompensation,,,,,,,,,,,,,186000.000
PaymentsToAcquireIntangibleAssets,17000.000,,,,,,,,,,,,
PaymentsToAcquirePropertyPlantAndEquipment,581000.000,,,,1208000.000,,,,731000.000,,,,1301000.000
ProceedsFromIssuanceOfCommonStock,,,,,53770000.000,,,,,,,,
ProceedsFromStockOptionsExercised,,,,,,,,,,,,,59000.000
RepaymentsOfDebt,42000.000,,,,42000.000,,,,19000.000,,,,21000.000
ResearchAndDevelopmentExpense,724000.000,1515000.000,1946000.000,2848000.000,2359000.000,2846000.000,3187000.000,2610000.000,3076000.000,3341000.000,3592000.000,3872000.000,3805000.000
RestructuringCharges,,,,,-6000.000,,,,,,,,
Revenues,12274000.000,11788000.000,13325000.000,12118000.000,13801000.000,14252000.000,17944000.000,16785000.000,17110000.000,19154000.000,26109000.000,23705000.000,21505000.000
SalesRevenueGoodsNet,6825000.000,5887000.000,6480000.000,6215000.000,7122000.000,6613000.000,8310000.000,8162000.000,8138000.000,9293000.000,9713000.000,9286000.000,8386000.000
SalesRevenueNet,12274000.000,11788000.000,13325000.000,12118000.000,13801000.000,14252000.000,17944000.000,16785000.000,17110000.000,19154000.000,26109000.000,23705000.000,21505000.000
SalesRevenueServicesNet,5449000.000,5901000.000,6845000.000,5903000.000,6679000.000,7639000.000,9634000.000,8623000.000,8972000.000,9861000.000,16396000.000,14419000.000,13119000.000
SellingAndMarketingExpense,4565000.000,6343000.000,7468000.000,7111000.000,7441000.000,7727000.000,7381000.000,7853000.000,8480000.000,9391000.000,8794000.000,8299000.000,9640000.000
ShareBasedCompensation,265000.000,,,,875000.000,,,,1104000.000,,,,1326000.000
StockIssuedDuringPeriodSharesRestrictedStockAwardGross,,,,,,,,,,,,,22359.000
StockIssuedDuringPeriodSharesStockOptionsExercised,11033.000,,,,5516.000,,,,16987.000,,,,78190.000
WeightedAverageNumberOfShareOutstandingBasicAndDiluted,17264135.000,17292251.000,17333441.000,-34579679.000,20331411.000,22245682.000,22259840.000,-43055000.000,22284392.000,22351645.000,22365349.000,-44647673.000,22533531.000
