,2014-03-31,2014-09-30,2014-12-31,2015-03-31,2015-06-30,2015-09-30,2015-12-31,2016-03-31,2016-06-30,2016-09-30,2016-12-31,2017-03-31
AdjustmentsToAdditionalPaidInCapitalSharebasedCompensationRequisiteServicePeriodRecognitionValue,,3445000.000,,,,3978000.000,,,,6185000.000,,
AllocatedShareBasedCompensationExpense,1365000.000,3283000.000,3854000.000,3535000.000,2497000.000,3712000.000,4780000.000,4720000.000,4351000.000,5813000.000,6635000.000,6247000.000
AllowanceForDoubtfulAccountsReceivableWriteOffs,,5000.000,,,,28000.000,,,,3000.000,,
AmortizationOfIntangibleAssets,,190000.000,190000.000,190000.000,349000.000,380000.000,381000.000,381000.000,380000.000,381000.000,381000.000,380000.000
AntidilutiveSecuritiesExcludedFromComputationOfEarningsPerShareAmount,,5107000.000,4776000.000,334000.000,-5862000.000,5013000.000,4775000.000,158000.000,-5464000.000,4906000.000,4784000.000,155000.000
CapitalizedComputerSoftwareAmortization,580000.000,593000.000,685000.000,643000.000,685000.000,942000.000,1423000.000,1504000.000,1577000.000,,,
CapitalizedComputerSoftwareAmortization1,,,,,,,,,,1684000.000,,
CostOfRevenue,14925000.000,15452000.000,18046000.000,19282000.000,18116000.000,20195000.000,24100000.000,27209000.000,26581000.000,28359000.000,30383000.000,32082000.000
DeferredIncomeTaxExpenseBenefit,,20000.000,,,,84000.000,,,,78000.000,,
DefinedContributionPlanCostRecognized,316000.000,382000.000,327000.000,474000.000,473000.000,580000.000,536000.000,821000.000,780000.000,902000.000,775000.000,1055000.000
DefinedContributionPlanEmployerMatchingContributionPercent,,0.060,,,,0.060,,,,,,
DefinedContributionPlanEmployerMatchingContributionPercentOfMatch,,0.500,,,,0.500,,,,,,
Depreciation,1040000.000,1148000.000,1354000.000,1252000.000,1330000.000,1397000.000,1632000.000,1835000.000,2041000.000,2203000.000,2504000.000,2629000.000
DepreciationDepletionAndAmortization,,1931000.000,,,,2719000.000,,,,4268000.000,,
EarningsPerShareBasic,0.010,,,0.030,,-0.070,-0.020,0.120,-0.110,-0.050,-0.030,0.290
EarningsPerShareBasicAndDiluted,0.010,-0.100,-0.130,,,,,,,,,
EarningsPerShareDiluted,0.010,,,0.030,,-0.070,-0.020,0.120,-0.110,-0.050,-0.030,0.270
EmployeeServiceShareBasedCompensationAllocationOfRecognizedPeriodCostsCapitalizedAmount,76000.000,162000.000,148000.000,180000.000,165000.000,266000.000,276000.000,281000.000,255000.000,372000.000,500000.000,540000.000
FairValueOfAssetsAcquired,,488000.000,,,,845000.000,,,,1781000.000,,
GainLossOnSaleOfPropertyPlantEquipment,,30000.000,,,,-66000.000,,,,-28000.000,,
GeneralAndAdministrativeExpense,5587000.000,7448000.000,8061000.000,8559000.000,8756000.000,10451000.000,11239000.000,12720000.000,13188000.000,13858000.000,14957000.000,15100000.000
GrossProfit,18841000.000,15657000.000,16267000.000,27990000.000,21888000.000,24913000.000,31084000.000,43361000.000,33258000.000,36663000.000,38271000.000,58191000.000
IncomeLossFromContinuingOperationsBeforeIncomeTaxesExtraordinaryItemsNoncontrollingInterest,,,,,,-3334000.000,-1080000.000,6118000.000,-5378000.000,-2468000.000,-1639000.000,14833000.000
IncomeLossFromContinuingOperationsBeforeIncomeTaxesMinorityInterestAndIncomeLossFromEquityMethodInvestments,2192000.000,-4847000.000,-6386000.000,1756000.000,,,,,,,,
IncomeTaxExpenseBenefit,1042000.000,28000.000,34000.000,4000.000,39000.000,101000.000,85000.000,-43000.000,34000.000,100000.000,32000.000,32000.000
IncomeTaxesPaid,,2000.000,,,,16000.000,,,,,,
IncomeTaxesPaidNet,,,,,,,,,,16000.000,,
IncreaseDecreaseInAccountsPayableTrade,,-245000.000,,,,133000.000,,,,85000.000,,
IncreaseDecreaseInAccountsReceivable,,85000.000,,,,238000.000,,,,73000.000,,
IncreaseDecreaseInAccruedLiabilities,,67000.000,,,,551000.000,,,,-7034000.000,,
IncreaseDecreaseInClientFundsHeld,,14964000.000,,,,-48607000.000,,,,-468674000.000,,
IncreaseDecreaseInPrepaidExpense,,368000.000,,,,639000.000,,,,-1289000.000,,
IncrementalCommonSharesAttributableToShareBasedPaymentArrangements,510000.000,,,1670000.000,,0.000,0.000,2462000.000,,,,2555000.000
NetCashProvidedByUsedInContinuingOperations,,-6005000.000,,,,-2567000.000,,,,-8498000.000,,
NetCashProvidedByUsedInFinancingActivities,,14955000.000,,,,-50338000.000,,,,-473216000.000,,
NetCashProvidedByUsedInFinancingActivitiesContinuingOperations,,14955000.000,,,,-50338000.000,,,,-473216000.000,,
NetCashProvidedByUsedInInvestingActivities,,-20760000.000,,,,44793000.000,,,,462835000.000,,
NetCashProvidedByUsedInInvestingActivitiesContinuingOperations,,-20760000.000,,,,44793000.000,,,,462835000.000,,
NetCashProvidedByUsedInOperatingActivities,,-200000.000,,,,2978000.000,,,,1883000.000,,
NetCashProvidedByUsedInOperatingActivitiesContinuingOperations,,-200000.000,,,,2978000.000,,,,1883000.000,,
NetIncomeLoss,1150000.000,-4875000.000,-6420000.000,1752000.000,-4429000.000,-3435000.000,-1165000.000,6161000.000,-5412000.000,-2568000.000,-1671000.000,14801000.000
NetIncomeLossAvailableToCommonStockholdersBasic,430000.000,-4875000.000,-6420000.000,1752000.000,-4429000.000,,,,,,,
NonoperatingIncomeExpense,59000.000,49000.000,80000.000,51000.000,-126000.000,83000.000,214000.000,-83000.000,-338000.000,39000.000,4000.000,-47000.000
OperatingExpenses,16708000.000,20553000.000,22733000.000,26285000.000,26152000.000,28330000.000,32378000.000,37160000.000,38298000.000,39170000.000,39914000.000,43311000.000
OperatingIncomeLoss,2133000.000,-4896000.000,-6466000.000,1705000.000,-4264000.000,-3417000.000,-1294000.000,6201000.000,-5040000.000,-2507000.000,-1643000.000,14880000.000
PaymentsOfStockIssuanceCosts,,75000.000,,,,,,,,,,
PaymentsRelatedToTaxWithholdingForShareBasedCompensation,,,,,,1868000.000,,,,4542000.000,,
PaymentsToAcquireBusinessesGross,,2385000.000,,,,183000.000,,,,,,
PaymentsToAcquirePropertyPlantAndEquipment,,2499000.000,,,,1588000.000,,,,2952000.000,,
PaymentsToDevelopSoftware,,912000.000,,,,2043000.000,,,,2887000.000,,
ProceedsFromStockOptionsExercised,,66000.000,,,,137000.000,,,,,,
ProvisionForDoubtfulAccounts,,42000.000,,,,25000.000,,,,-3000.000,,
ResearchAndDevelopmentExpense,2443000.000,4027000.000,5271000.000,5053000.000,5513000.000,5429000.000,6799000.000,6759000.000,7749000.000,7301000.000,7222000.000,6969000.000
Revenues,33766000.000,31109000.000,34313000.000,47272000.000,40004000.000,45108000.000,55184000.000,70570000.000,59839000.000,65022000.000,68654000.000,90273000.000
SalesRevenueNet,33766000.000,31109000.000,34313000.000,47272000.000,40004000.000,45108000.000,55184000.000,70570000.000,59839000.000,65022000.000,68654000.000,90273000.000
SellingAndMarketingExpense,8678000.000,9078000.000,9401000.000,12673000.000,11883000.000,12450000.000,14340000.000,17681000.000,17361000.000,18011000.000,17735000.000,21242000.000
ShareBasedCompensation,,3283000.000,,,,3712000.000,,,,5813000.000,,
StockIssuedDuringPeriodValueStockOptionsExercised,,66000.000,,,,688000.000,,,,1669000.000,,
UndistributedEarningsAllocatedToParticipatingSecurities,720000.000,,,,,,,,,,,
WeightedAverageNumberOfDilutedSharesOutstanding,44870000.000,49566000.000,49775000.000,52203000.000,-101417000.000,50744000.000,50890000.000,53424000.000,-104145000.000,51231000.000,51384000.000,54002000.000
WeightedAverageNumberOfShareOutstandingBasicAndDiluted,,49566000.000,49775000.000,,,,,,,,,
WeightedAverageNumberOfSharesOutstandingBasic,44360000.000,49566000.000,49775000.000,50533000.000,-99747000.000,50744000.000,50890000.000,50962000.000,-101683000.000,51231000.000,51384000.000,51447000.000
