,2014-06-30,2015-03-31,2015-06-30,2015-09-30,2015-12-31,2016-03-31,2016-06-30,2016-09-30,2016-12-31,2017-03-31
AccretionExpense,,,,,,9180.000,,,,0.000
AdvertisingExpense,,,,7409.000,,903.000,,,,
AmortizationOfDebtDiscountPremium,,,,,,6295.000,,,,382439.000
AmortizationOfFinancingCosts,,,,,,2594.000,,,,232185.000
AntidilutiveSecuritiesExcludedFromComputationOfEarningsPerShareAmount,,,,,,2951669.000,,,,47808686.000
CashAndCashEquivalentsPeriodIncreaseDecrease,,-11369.000,,,,,,,,
CashPeriodIncreaseDecrease,,,,,,-1298.000,,,,-43594.000
EarningsPerShareBasicAndDiluted,0.000,-0.001,-0.001,-0.020,-0.058,-0.020,-0.020,-0.020,-0.020,-0.050
EffectiveIncomeTaxRateContinuingOperations,,0.000,,,,,,,,
EffectiveIncomeTaxRateReconciliationAtFederalStatutoryIncomeTaxRate,,0.340,,,,,,,,
EffectiveIncomeTaxRateReconciliationChangeInDeferredTaxAssetsValuationAllowance,,-0.340,,,,,,,,
FairValueAdjustmentOfWarrants,,,,,,,,,,34586.000
GainLossOnSaleOfNotesReceivable,,,,,,,,,,-37500.000
GainsLossesOnExtinguishmentOfDebt,,,,,,,,,,-52312.000
GeneralAndAdministrativeExpense,,,,49182.000,,73995.000,61036.000,38979.000,57034.000,48124.000
IncomeLossFromContinuingOperationsBeforeIncomeTaxesDomestic,,-23049.000,-22412.000,,,,,,,
IncomeLossFromContinuingOperationsBeforeIncomeTaxesExtraordinaryItemsNoncontrollingInterest,1750.000,,,,,,,,,
IncomeTaxExpenseBenefit,0.000,0.000,0.000,,,,,,,
IncomeTaxesPaid,,,,,,0.000,,,,0.000
IncreaseDecreaseInAccountsPayable,,,,,,,,,,37898.000
IncreaseDecreaseInAccountsPayableAndAccruedLiabilities,,,,,,241364.000,,,,
IncreaseDecreaseInAccruedLiabilities,,0.000,,,,,,,,
IncreaseDecreaseInBookOverdrafts,,,,,,1915.000,,,,0.000
IncreaseDecreaseInDueToOtherRelatedParties,,,,,,,,,,15000.000
IncreaseDecreaseInEmployeeRelatedLiabilities,,,,,,,,,,42427.000
IncreaseDecreaseInOtherAccruedLiabilities,,,,,,,,,,54435.000
IncreaseDecreaseInPrepaidDeferredExpenseAndOtherAssets,,,,,,-7724.000,,,,-20090.000
IncrementalCommonSharesAttributableToCallOptionsAndWarrants,,0.000,,,,,,,,
IncrementalCommonSharesAttributableToConversionOfDebtSecurities,,0.000,,,,,,,,
InterestAndOtherIncome,,,,,,,,0.000,,
InterestExpense,0.000,0.000,0.000,19114.000,5848.000,18171.000,65709.000,195376.000,546605.000,2133455.000
InterestExpenseOther,,,,,,,,,,1406711.000
InterestIncomeOperating,,,,43.000,,,,,,
InterestPaid,,,,,,102.000,,,,0.000
LaborAndRelatedExpense,,,,104890.000,,145369.000,26049.000,29486.000,33625.000,142278.000
LeaseAndRentalExpense,,,,,,20231.000,0.000,0.000,0.000,
LoansReceivableHeldForSaleReconciliationToCashFlowPeriodIncreaseDecrease,,,,,,,,,,37500.000
NetCashProvidedByUsedInFinancingActivities,,11680.000,,,,97582.000,,,,177029.000
NetCashProvidedByUsedInFinancingActivitiesContinuingOperations,,11680.000,,,,97582.000,,,,177029.000
NetCashProvidedByUsedInInvestingActivities,,0.000,,,,,,,,-37500.000
NetCashProvidedByUsedInInvestingActivitiesContinuingOperations,,0.000,,,,,,,,-37500.000
NetCashProvidedByUsedInOperatingActivities,,-23049.000,,,,-98880.000,,,,-183123.000
NetCashProvidedByUsedInOperatingActivitiesContinuingOperations,,-23049.000,,,,-98880.000,,,,-183123.000
NetIncomeLoss,1750.000,-23049.000,-22412.000,-447784.000,-1027269.000,-375952.000,-408818.000,-365881.000,-697216.000,-1506013.000
OperatingExpenses,4000.000,23049.000,22412.000,428713.000,1023967.000,357781.000,343109.000,170505.000,384382.000,502067.000
OperatingIncomeLoss,1750.000,-23049.000,-22412.000,-428713.000,-1021447.000,-357781.000,-343109.000,-170505.000,-369382.000,-502067.000
OtherExpenses,,,,,,18171.000,65709.000,,,
OtherNonoperatingIncomeExpense,,,,-19071.000,,,,-195376.000,,-1003946.000
PaymentsForLegalSettlements,,,,,,,,,,17042.000
PaymentsOfDebtIssuanceCosts,,,,,,7418.000,,,,41138.000
PaymentsToAcquireLoansReceivable,,,,,,,,,,37500.000
ProceedsFromConvertibleDebt,,,,,,,,,,225000.000
ProceedsFromIssuanceOfCommonStock,,0.000,,,,,,,,
ProceedsFromIssuanceOrSaleOfEquity,,,,,,0.000,,,,
ProceedsFromNotesPayable,,,,,,105000.000,,,,0.000
ProceedsFromOtherDebt,,,,,,0.000,,,,
ProceedsFromRelatedPartyDebt,,11680.000,,,,,,,,
ProceedsFromShortTermDebt,,,,,,0.000,,,,
ProfessionalAndContractServicesExpense,,,,,,,,,,251325.000
ProfessionalFees,,,,234508.000,,138417.000,141858.000,53099.000,232375.000,
RepaymentsOfOtherDebt,,,,,,,,,,1833.000
RepaymentsOfRelatedPartyDebt,,,,,,0.000,,,,5000.000
RepaymentsOfShortTermDebt,,,,,,0.000,,,,
ResearchAndDevelopmentExpense,,,,40133.000,,0.000,0.000,0.000,0.000,
Revenues,5750.000,0.000,0.000,0.000,2520.000,0.000,0.000,0.000,15000.000,0.000
SalesRevenueNet,5750.000,0.000,0.000,0.000,2520.000,0.000,0.000,0.000,15000.000,0.000
ShareBasedCompensation,,,,,,8000.000,,36328.000,,226628.000
UnrealizedGainLossOnDerivatives,,,,,,,,,,1219321.000
WeightedAverageNumberOfDilutedSharesOutstanding,,18990000.000,,,,,,,,
WeightedAverageNumberOfShareOutstandingBasicAndDiluted,5000000.000,18990000.000,18990000.000,19960298.000,-38823199.000,23206656.000,23878167.000,24209278.000,-46846657.000,32248283.000
WeightedAverageNumberOfSharesOutstandingBasic,,18990000.000,,,,,,,,
