,2015-03-31,2015-06-30,2015-09-30,2015-12-31,2016-03-31,2016-06-30,2016-09-30,2016-12-31,2017-03-31
AccretionExpense,188000.000,,,,198000.000,,,,552000.000
AdjustmentsToAdditionalPaidInCapitalSharebasedCompensationRequisiteServicePeriodRecognitionValue,778000.000,,,,836000.000,,,,-37000.000
AllocatedShareBasedCompensationExpense,646000.000,611000.000,587000.000,,,,,,
AmortizationOfFinancingCosts,132000.000,,,,135000.000,,,,979000.000
AntidilutiveSecuritiesExcludedFromComputationOfEarningsPerShareAmount,23333333.000,,,,23333333.000,,23333333.000,,23333333.000
CapitalExpendituresIncurredButNotYetPaid,,,,,2293000.000,,,,0.000
CashAndCashEquivalentsPeriodIncreaseDecrease,-15372000.000,,,,-6307000.000,,,,
CommonStockDividendsPerShareDeclared,0.200,,0.200,,0.200,0.200,0.200,0.200,0.200
ComprehensiveIncomeNetOfTax,,,,,,,267000.000,,426000.000
ComprehensiveIncomeNetOfTaxIncludingPortionAttributableToNoncontrollingInterest,,,,,,,1482000.000,,5135000.000
DeferredIncomeTaxExpenseBenefit,,,,,-66000.000,,,,
DeferredIncomeTaxesAndTaxCredits,,,,,,,,,82000.000
DefinedContributionPlanEmployerDiscretionaryContributionAmount,100000.000,,100000.000,,100000.000,200000.000,100000.000,200000.000,100000.000
DefinedContributionPlanEmployerMatchingContributionPercent,0.030,,,,0.030,,,,0.030
DepreciationAndAmortization,111000.000,,,,188000.000,,,,235000.000
DividendsCommonStockCash,1366000.000,,,,1314000.000,,,,1600000.000
EarningsPerShareBasic,0.190,0.140,0.040,0.090,-0.010,-0.030,,,0.060
EarningsPerShareDiluted,0.190,0.140,0.040,0.090,-0.010,-0.030,,,0.060
EffectiveIncomeTaxRateContinuingOperations,0.072,0.057,-0.006,-0.034,0.098,0.092,0.060,-0.153,0.082
FeesAndCommissionsOther,1624000.000,1981000.000,1891000.000,1940000.000,1899000.000,1780000.000,2172000.000,2260000.000,2320000.000
GainLossOnSaleOfInvestments,952000.000,,-31965000.000,,,,,,
GainLossOnSaleOfPropertyPlantEquipment,,,,,-27000.000,,,,
GeneralAndAdministrativeExpense,4507000.000,4623000.000,1626000.000,6080000.000,7979000.000,8899000.000,8801000.000,2861000.000,2668000.000
IncentiveFeeExpense,,,,,,,,,544000.000
IncomeLossFromContinuingOperationsBeforeIncomeTaxesExtraordinaryItemsNoncontrollingInterest,23632000.000,22132000.000,12302000.000,-35419000.000,1148000.000,1104000.000,1291000.000,7472000.000,5063000.000
IncomeLossFromEquityMethodInvestments,,,,,12000.000,,,,69000.000
IncomeTaxExaminationPenaltiesAndInterestExpense,,,,,,,,,0.000
IncomeTaxExpenseBenefit,1690000.000,1251000.000,-77000.000,-849000.000,112000.000,102000.000,77000.000,772000.000,413000.000
IncomeTaxReconciliationNondeductibleExpenseShareBasedCompensationCost,,,,,,,,,200000.000
IncreaseDecreaseInAccountsPayableAndAccruedLiabilities,-8475000.000,,,,-2845000.000,,,,-9519000.000
IncreaseDecreaseInOtherOperatingAssets,67000.000,,,,-872000.000,,,,-715000.000
InterestExpense,2085000.000,2109000.000,2141000.000,2134000.000,2118000.000,2072000.000,2403000.000,2633000.000,3647000.000
InterestExpenseOther,,3800000.000,3800000.000,,,,,,
InvestmentIncomeDividend,222000.000,221000.000,222000.000,221000.000,222000.000,221000.000,312000.000,549000.000,735000.000
LaborAndRelatedExpense,7221000.000,6397000.000,5914000.000,7236000.000,5868000.000,8564000.000,6964000.000,6404000.000,5794000.000
ManagementFeesRevenue,16194000.000,20216000.000,15870000.000,23395000.000,16263000.000,18695000.000,15262000.000,15276000.000,13895000.000
NetCashProvidedByUsedInFinancingActivities,17784000.000,,,,-9091000.000,,,,18268000.000
NetCashProvidedByUsedInFinancingActivitiesContinuingOperations,17784000.000,,,,-9091000.000,,,,18268000.000
NetCashProvidedByUsedInInvestingActivities,-107000.000,,,,-1057000.000,,,,-3729000.000
NetCashProvidedByUsedInInvestingActivitiesContinuingOperations,-107000.000,,,,-1057000.000,,,,-3729000.000
NetCashProvidedByUsedInOperatingActivities,-33049000.000,,,,3841000.000,,,,1697000.000
NetCashProvidedByUsedInOperatingActivitiesContinuingOperations,-33049000.000,,,,3841000.000,,,,1697000.000
NetIncomeLoss,1274000.000,1039000.000,272000.000,526000.000,94000.000,58000.000,220000.000,625000.000,394000.000
NetIncomeLossIncludingPortionAttributableToNonredeemableNoncontrollingInterest,,,,,768000.000,,,,3165000.000
NoncontrollingInterestDecreaseFromDeconsolidation,15321000.000,,,,,,,,
NoninterestExpenseInvestmentAdvisoryFees,793000.000,634000.000,542000.000,,,,,,
OperatingExpenses,12633000.000,10624000.000,4422000.000,7876000.000,13776000.000,17508000.000,15553000.000,9184000.000,7581000.000
OperatingLeasesRentExpenseNet,700000.000,600000.000,,,700000.000,600000.000,600000.000,600000.000,600000.000
OtherComprehensiveIncomeUnrealizedHoldingGainLossOnSecuritiesArisingDuringPeriodBeforeTax,,,,,,,268000.000,,485000.000
OtherComprehensiveIncomeUnrealizedHoldingGainLossOnSecuritiesArisingDuringPeriodNetOfTax,,,,,,,,,161000.000
OtherNoncashIncomeExpense,,,,,,,,,0.000
OtherOperatingIncomeExpenseNet,-383000.000,-69000.000,-865000.000,-324000.000,-751000.000,-863000.000,55000.000,489000.000,1560000.000
OtherThanTemporaryImpairmentLossesInvestmentsAvailableforsaleSecurities,,,,,,,,,0.000
PartnersCapitalAccountContributions,33168000.000,,,,,,,,0.000
PartnersCapitalAccountDistributions,9044000.000,,,,6214000.000,,,,4667000.000
PaymentsForRepurchaseOfCommonStock,,,,,-1198000.000,,,,401000.000
PaymentsOfCapitalDistribution,9044000.000,,,,6214000.000,,,,6240000.000
PaymentsOfDebtIssuanceCosts,,,,,,,,,2585000.000
PaymentsOfDividends,1423000.000,,,,1314000.000,,,,1600000.000
PaymentsToAcquireAvailableForSaleSecurities,,,,,,,,,3728000.000
PaymentsToAcquirePropertyPlantAndEquipment,107000.000,,,,1867000.000,,,,18000.000
PerformanceFees,1212000.000,1656000.000,-1948000.000,-16605000.000,-591000.000,851000.000,1446000.000,715000.000,-2219000.000
ProceedsFromIssuanceOfSeniorLongTermDebt,,,,,,,,,69108000.000
ProceedsFromMinorityShareholders,,,,,,,,,5000000.000
ProfitLoss,21942000.000,20881000.000,12379000.000,-34570000.000,1036000.000,1002000.000,1214000.000,6700000.000,4650000.000
RepaymentsOfLongTermDebt,313000.000,,,,312000.000,,,,44800000.000
RestrictedStockAwardForfeituresDividends,,,,,,,,,416000.000
Revenues,19030000.000,23853000.000,15813000.000,8730000.000,17571000.000,21326000.000,18880000.000,18251000.000,13996000.000
SalesRevenueNet,19030000.000,23853000.000,15813000.000,8730000.000,17571000.000,21326000.000,18880000.000,18251000.000,13996000.000
ShareBasedCompensation,778000.000,,,,836000.000,900000.000,1000000.000,1075000.000,-37000.000
StockRepurchasedDuringPeriodValue,,,,,1198000.000,,,,401000.000
TransferOfInvestments,1768000.000,,,,,,,,
UnrealizedGainLossOnInvestments,4022000.000,-6417000.000,16011000.000,,,,,,
UnrecognizedTaxBenefitsIncomeTaxPenaltiesAndInterestExpense,0.000,0.000,0.000,0.000,0.000,0.000,0.000,,
VariableInterestEntityOwnershipPercentage,,,,,,,,,1.000
WeightedAverageNumberOfShareOutstandingBasicAndDiluted,6000000.000,6000000.000,6000211.000,-11997789.000,5851129.000,5777726.000,5778409.000,-11603222.000,5808626.000
