,2015-03-31,2015-06-30,2015-09-30,2015-12-31,2016-03-31,2016-06-30,2016-09-30,2016-12-31,2017-03-31
AdjustmentForAmortization,1015151.000,1194775.000,1423702.000,3287059.000,2002284.000,,,,
AmortizationOfAboveAndBelowMarketLeases,,,,,-321006.000,-300000.000,-300000.000,-416994.000,-283000.000
AmortizationOfDebtDiscountPremium,,,,,,,,,1000.000
AmortizationOfFinancingCosts,143378.000,154760.000,244632.000,822425.000,196972.000,,,,437000.000
AmortizationOfIntangibleAssets,202071.000,229625.000,213114.000,489094.000,,,,,400000.000
AssetImpairmentCharges,2762436.000,514300.000,302008.000,322956.000,,,1235035.000,,156000.000
BusinessCombinationAcquisitionRelatedCosts,764490.000,173755.000,1003294.000,1745059.000,72080.000,262885.000,986655.000,1584380.000,467000.000
BusinessCombinationConsiderationTransferred1,,,,,,,,,4900000.000
BusinessCombinationConsiderationTransferredEquityInterestsIssuedAndIssuable,,,,,,,,,100000.000
CashAndCashEquivalentsPeriodIncreaseDecrease,-36438.000,,,,-1573780.000,,,,6756000.000
ComprehensiveIncomeNetOfTax,,,,,,,385525.000,,3732000.000
ComprehensiveIncomeNetOfTaxAttributableToNoncontrollingInterest,,,,,,,,,3000.000
ComprehensiveIncomeNetOfTaxIncludingPortionAttributableToNoncontrollingInterest,,,,,,,,,3735000.000
DirectOperatingCosts,,8894.000,7678.000,,5028.000,67028.000,22914.000,12030.000,87000.000
DistributionMadeToLimitedPartnerCashDistributionsDeclared,2332038.000,,,,,,,,1344000.000
DistributionMadeToLimitedPartnerCashDistributionsPaid,1053532.000,,,,4863655.000,,,,
DistributionMadeToLimitedPartnerDistributionsDeclaredPerUnit,0.297,0.307,0.318,,0.330,,,,0.352
EffectOfExchangeRateOnCashAndCashEquivalentsContinuingOperations,,,,,,,,,127000.000
GainLossOnInterestRateDerivativeInstrumentsNotDesignatedAsHedgingInstruments,,,,,,,-99071.000,,
GainsLossesOnExtinguishmentOfDebt,,,-902625.000,,,,-1703468.000,,
GeneralAndAdministrativeExpense,983985.000,651071.000,462364.000,825696.000,1102722.000,1041870.000,632251.000,978157.000,1408000.000
GeneralPartnerDistributions,-4200600.000,,,,,,,,
IncentiveDistributionDistributionPerYear,,,,,,,27326.000,,88000.000
IncomeLossAttributableToNoncontrollingInterest,,,,,,,,,3000.000
IncomeLossAttributableToParent,-3202427.000,1123971.000,-1015358.000,2659734.000,-427626.000,65417.000,354878.000,9928331.000,
IncreaseDecreaseInAccountsPayableAndAccruedLiabilities,762831.000,,,,-554066.000,,,,-1443000.000
IncreaseDecreaseInDueToAffiliates,699639.000,,,,805318.000,,,,384000.000
IncreaseDecreaseInLeasingReceivables,183828.000,,,,-58312.000,,,,-46000.000
IncreaseDecreaseInOtherOperatingAssets,-70713.000,,,,146815.000,,,,-146000.000
IncreaseDecreaseInPrepaidRent,-53204.000,,,,36659.000,,,,-1306000.000
InterestExpense,1011656.000,1164235.000,1607173.000,4615025.000,2347491.000,2367026.000,3663180.000,5545303.000,3920000.000
InterestExpenseDebt,,1164235.000,1607173.000,,2347491.000,2400000.000,3700000.000,5452509.000,3900000.000
InterestIncomeOperating,,,,,,249187.000,349824.000,,359000.000
InterestPaidNet,805926.000,,,,2210231.000,,,,3527000.000
IssuanceOfStockAndWarrantsForServicesOrClaims,78750.000,,,,105000.000,,,,
ManagementFeeExpense,,,18738.000,,,,49530.000,,
NetCashProvidedByUsedInFinancingActivities,17745868.000,,,,-7859884.000,,,,12042000.000
NetCashProvidedByUsedInFinancingActivitiesContinuingOperations,17745868.000,,,,-7859884.000,,,,12042000.000
NetCashProvidedByUsedInInvestingActivities,-20444030.000,,,,1975629.000,,,,-12192000.000
NetCashProvidedByUsedInInvestingActivitiesContinuingOperations,-20444030.000,,,,1975629.000,,,,-12192000.000
NetCashProvidedByUsedInOperatingActivities,2661724.000,,,,4310475.000,,,,6779000.000
NetCashProvidedByUsedInOperatingActivitiesContinuingOperations,2661724.000,,,,4310475.000,,,,6779000.000
NetIncomeLossAllocatedToLimitedPartners,-2891663.000,1108616.000,-270446.000,2789376.000,-427626.000,27773.000,1473642.000,8799211.000,3524000.000
NetIncomeLossNetOfTaxPerOutstandingLimitedPartnershipUnitDiluted,,,,,,,,,0.090
NetIncomeLossPerOutstandingLimitedPartnershipUnitBasicNetOfTax,,,,,,,,,0.090
NoncontrollingInterestIncreaseFromSaleOfParentEquityInterest,,,,,,,,,103000.000
NonoperatingIncomeExpense,-1713040.000,-757549.000,-4042793.000,-4018709.000,-5021828.000,-4169765.000,-4234248.000,380841.000,-3426000.000
OperatingExpenses,5526062.000,2542795.000,3217784.000,6403403.000,3182114.000,3611495.000,5792136.000,6844255.000,5247000.000
OperatingLeasesIncomeStatementLeaseRevenue,3829365.000,4229771.000,6044317.000,12898463.000,7572969.000,7597490.000,10031438.000,15969103.000,11841000.000
OtherComprehensiveIncomeForeignCurrencyTranslationAdjustmentTaxPortionAttributableToParent,,,,,,,-30647.000,,
OtherComprehensiveIncomeLossForeignCurrencyTransactionAndTranslationAdjustmentNetOfTax,,,,,,,,,208000.000
OtherComprehensiveIncomeLossNetOfTax,,,,,,,,,208000.000
OtherComprehensiveIncomeLossNetOfTaxPortionAttributableToParent,,,,,,,30647.000,,
PartnersCapitalAccountContributions,-16787132.000,,,,,,,,
PartnersCapitalAccountDistributions,1053532.000,,,,4863655.000,,,,9331000.000
PartnersCapitalAccountUnitBasedCompensation,78750.000,,,,105000.000,,,,105000.000
PaymentsOfDistributionsToAffiliates,,,,,,,,,3000.000
PaymentsOfFinancingCosts,,,,,137663.000,,,,
PaymentsToAcquireBusinessesGross,,,,,,,,,4800000.000
PaymentsToAcquireLand,2934456.000,,,,,,,,
ProceedsFromCollectionOfNotesReceivable,167708.000,,,,186181.000,,,,245000.000
ProceedsFromLinesOfCredit,24000000.000,,,,2500000.000,,,,20000000.000
ProceedsFromMinorityShareholders,,,,,,,,,103000.000
ProceedsFromRepaymentsOfRestrictedCashFinancingActivities,,,,,,,,,1011000.000
ProfitLoss,,,,,,,,,3527000.000
ProvisionForDoubtfulAccounts,,,,,,,,,15000.000
RepaymentsOfLinesOfCredit,1000000.000,,,,7000000.000,,,,
Revenues,4036675.000,4424315.000,6245219.000,13081846.000,7776316.000,7846677.000,10381262.000,16391745.000,12200000.000
SalesRevenueNet,4036675.000,4424315.000,6245219.000,13081846.000,7776316.000,7846677.000,10381262.000,16391745.000,12200000.000
ShareBasedCompensation,,,,,,,,,105000.000
UnrealizedGainLossOnDerivatives,,,,,,,1231471.000,,494000.000
WeightedAverageLimitedPartnershipUnitsOutstanding,,,,,,,,,19457000.000
WeightedAverageLimitedPartnershipUnitsOutstandingDiluted,,,,,,,,,19457000.000
