,2012-01-31,2012-04-30,2012-07-31,2012-10-31,2013-01-31,2013-07-31,2014-01-31,2014-04-30,2014-07-31,2014-10-31,2015-01-31,2015-07-31,2016-01-31,2016-04-30,2016-07-31,2016-10-31,2017-04-30
AllocatedShareBasedCompensationExpense,,,73000.000,,74000.000,62000.000,71000.000,83000.000,82000.000,,29000.000,114000.000,57219.000,,,,
AntidilutiveSecuritiesExcludedFromComputationOfEarningsPerShareAmount,,,,,,631271.000,620801.000,572680.000,575869.000,-1138828.000,632608.000,908306.000,1117802.000,1004000.000,917500.000,-1857302.000,1341500.000
AntidilutiveSharesOutstanding,,,551070.000,,582511.000,,,,,,,,,,,,
CapitalizedComputerSoftwareAdditions,,,,,,,,,,,,577000.000,,,,,
CapitalizedComputerSoftwareAmortization1,,,,,,,,,,,,,,,469000.000,,483000.000
CapitalizedContractCostAmortization,,,,,,,,,,,,,,,,,423000.000
CashAndCashEquivalentsPeriodIncreaseDecrease,152419.000,,,,,,,,,,-432437.000,,,,,,
CashPeriodIncreaseDecrease,,,,,110795.000,,-103309.000,,,,,,-468032.000,,,,
CostOfRevenue,1675778.000,1503623.000,1403923.000,1265333.000,1515556.000,,1475173.000,1213262.000,1300968.000,1097614.000,1114452.000,1296796.000,1512486.000,1620138.000,1647033.000,1597447.000,1534126.000
CostsAndExpenses,,,,,2560602.000,,2727784.000,2594162.000,2640907.000,2423251.000,2478581.000,3152680.000,3329396.000,3573375.000,3464764.000,3317056.000,
DepreciationDepletionAndAmortization,600200.000,,,,644254.000,,-695156.000,,,,-710085.000,,-785742.000,,,,
DilutiveSecuritiesEffectOnBasicEarningsPerShareOther,,,825430.000,,787989.000,515229.000,480199.000,281320.000,,,170892.000,122694.000,75698.000,41187.000,61284.000,,
EarningsPerShareBasic,0.050,0.080,0.020,0.250,,,0.010,0.010,0.020,0.010,0.020,,,0.020,0.020,,-0.000
EarningsPerShareDiluted,0.050,0.070,0.020,0.220,,,0.010,0.010,0.020,0.000,0.020,,,0.020,0.020,,-0.000
IncomeLossFromContinuingOperationsBeforeIncomeTaxesExtraordinaryItemsNoncontrollingInterest,,564403.000,166295.000,,40863.000,,103465.000,161532.000,165150.000,432844.000,226169.000,37110.000,52417.000,192127.000,317977.000,462050.000,-230437.000
IncomeTaxExpenseBenefit,,5000.000,10125.000,,28545.000,,39825.000,80269.000,36408.000,358147.000,85000.000,14690.000,27842.000,69992.000,136677.000,355412.000,-192325.000
IncomeTaxesPaidNet,21325.000,,,,59731.000,,5641.000,,,,9033.000,,50737.000,,,,
IncreaseDecreaseInAccountsPayableTrade,-270075.000,,,,-211119.000,,61535.000,,,,-151406.000,,312072.000,,,,
IncreaseDecreaseInAccountsReceivable,-140370.000,,,,-405680.000,,269520.000,,,,-293796.000,,-1595370.000,,,,
IncreaseDecreaseInAccruedLiabilities,20979.000,,,,-220053.000,,129616.000,,,,129860.000,,98318.000,,,,
IncreaseDecreaseInDeferredRevenue,265940.000,,,,159394.000,,192242.000,,,,-19549.000,,-1578828.000,,,,
IncreaseDecreaseInInterestPayableNet,,,,,,,,,,,39937.000,,,,,,
IncreaseDecreaseInOperatingCapital,-567036.000,,,,-757855.000,,733407.000,,,,553374.000,,401178.000,,,,
IncreaseDecreaseInOtherOperatingAssets,-15280.000,,,,-5177.000,,11778.000,,,,6710.000,,6164.000,,,,
IncreaseDecreaseInPrepaidDeferredExpenseAndOtherAssets,243006.000,,,,95729.000,,-31232.000,,,,-64352.000,,-56282.000,,,,
InterestExpenseRelatedParty,73828.000,72223.000,73828.000,73079.000,73061.000,,64353.000,57696.000,59262.000,59261.000,59262.000,54285.000,53667.000,43900.000,44367.000,41399.000,40050.000
InterestPaid,73828.000,,,,73061.000,,64353.000,,,,19325.000,,53667.000,,,,
NetCashProvidedByUsedInFinancingActivities,,,,,,,-300000.000,,,,34320.000,,10400.000,,,,
NetCashProvidedByUsedInFinancingActivitiesContinuingOperations,,,,,,,-300000.000,,,,34320.000,,10400.000,,,,
NetCashProvidedByUsedInInvestingActivities,-794707.000,,,,-659378.000,,-600356.000,,,,-1161300.000,,-904184.000,,,,
NetCashProvidedByUsedInInvestingActivitiesContinuingOperations,-794707.000,,,,-659378.000,,-600356.000,,,,-1161300.000,,-904184.000,,,,
NetCashProvidedByUsedInOperatingActivities,947126.000,,,,770173.000,,797047.000,,,,694543.000,,425752.000,,,,
NetCashProvidedByUsedInOperatingActivitiesContinuingOperations,947126.000,,,,770173.000,,797047.000,,,,694543.000,,425752.000,,,,
NetIncomeLoss,380090.000,559403.000,156170.000,1765814.000,12318.000,,63640.000,81263.000,128742.000,74697.000,141169.000,22420.000,24575.000,122135.000,181300.000,106638.000,-38112.000
OperatingExpenses,3009866.000,2895378.000,2706742.000,,,,,,,,,,,,,,3608947.000
OperatingIncomeLoss,453918.000,636626.000,240123.000,47319.000,113924.000,,167818.000,219228.000,224412.000,492105.000,285431.000,91395.000,106084.000,236027.000,362344.000,503449.000,-185166.000
OtherDepreciationAndAmortization,,,,,,,,,,,,,,,,,202000.000
OtherOperatingIncomeExpenseNet,,,,,,,,,,,,,,,,,5221.000
PaymentsToAcquirePropertyPlantAndEquipment,70868.000,,,,156836.000,,176400.000,,,,94324.000,,86620.000,,,,
PaymentsToDevelopSoftware,529420.000,,,,420031.000,,284892.000,,,,520813.000,,621395.000,,579000.000,,680000.000
ProceedsFromStockOptionsExercised,,,,,,,,,,,34320.000,,10400.000,,,,
ProvisionForDoubtfulAccounts,-4372.000,,,,-4125.000,,-66245.000,,,,,,-8990.000,,,,
RepaymentsOfRelatedPartyDebt,,,,,,,300000.000,,,,,,,,,,
ResearchAndDevelopmentExpense,95738.000,117594.000,144080.000,124376.000,146956.000,,164863.000,170416.000,171325.000,166412.000,182275.000,185550.000,183409.000,226104.000,231742.000,184972.000,186372.000
Revenues,3463784.000,3532004.000,2946865.000,2564729.000,2674526.000,,2895602.000,2813390.000,2865319.000,2915356.000,2764012.000,3244075.000,3435480.000,3809402.000,3827108.000,3820505.000,3423781.000
SalesRevenueNet,3463784.000,3532004.000,2946865.000,2564729.000,2674526.000,,2895602.000,2813390.000,2865319.000,2915356.000,2764012.000,3244075.000,3435480.000,3809402.000,3827108.000,3820505.000,3423781.000
SellingGeneralAndAdministrativeExpense,1238350.000,1274161.000,1158739.000,1127701.000,898090.000,,1087748.000,1210484.000,1168614.000,1159225.000,1181854.000,1670334.000,1633501.000,1727133.000,1585989.000,1534637.000,1888449.000
ShareBasedCompensation,72280.000,,,,74376.000,,-71149.000,,,,-28695.000,,,105000.000,113000.000,,113000.000
StockIssuedDuringPeriodSharesEmployeeStockOwnershipPlan,,,,,,,,,,,,,,,,,5892.000
StockIssuedDuringPeriodValueTreasuryStockReissued,,,,,,,,,,,,,,,,,38250.000
TreasuryStockSharesAcquired,,,,,,,,,,,,,,,,,9108.000
WeightedAverageNumberOfDilutedSharesOutstanding,8012448.000,8006908.000,8018570.000,-16043665.000,7981129.000,7814895.000,7824700.000,7709457.000,7812157.000,-15602421.000,7825820.000,7753176.000,7736288.000,7718942.000,7751483.000,-15476147.000,7692913.000
WeightedAverageNumberOfSharesOutstandingBasic,7175140.000,7178140.000,7193140.000,-14361493.000,7193140.000,7299666.000,7344501.000,7428137.000,7529026.000,-14843749.000,7654928.000,7630482.000,7660590.000,7677755.000,7690199.000,-15348848.000,7692913.000
