,2011-07-02,2011-10-01,2012-03-31,2012-06-30,2012-09-29,2012-12-31,2013-03-30,2013-06-29,2013-09-28,2014-03-29,2014-06-28,2014-09-27,2015-07-04,2015-10-03,2016-04-02,2016-07-02,2016-10-01,2016-12-31,2017-04-01
AdjustmentsToReconcileNetIncomeLossToCashProvidedByUsedInOperatingActivities,,,1212000.000,,,,10604000.000,,,-1197000.000,,,,,-721000.000,,,,-270000.000
AllocatedShareBasedCompensationExpense,,,,294000.000,285000.000,,359000.000,317000.000,342000.000,420000.000,472000.000,497000.000,557000.000,695000.000,646000.000,678000.000,731000.000,756000.000,986000.000
BusinessCombinationConsiderationTransferred1,,,,,,,,,,2645000.000,,,,,93000.000,,,,10877000.000
BusinessCombinationConsiderationTransferredLiabilitiesIncurred,,,,,,,,,,457000.000,,,,,0.000,,,,3099000.000
CashAndCashEquivalentsPeriodIncreaseDecrease,,,2284000.000,,,,-10226000.000,,,-1500000.000,,,,,-3921000.000,,,,-364000.000
CommonStockDividendsPerShareDeclared,0.043,0.043,0.043,0.045,0.045,0.047,0.045,0.045,0.045,0.045,0.045,0.050,0.050,0.050,0.050,0.050,0.050,0.050,0.050
ComprehensiveIncomeNetOfTax,,,162000.000,9181000.000,9486000.000,4995000.000,-4952000.000,12841000.000,9305000.000,-4873000.000,15129000.000,8506000.000,16063000.000,6827000.000,-2074000.000,13700000.000,7777000.000,4113000.000,-3408000.000
CostsAndExpenses,157386000.000,165457000.000,146136000.000,165141000.000,163995000.000,159114000.000,149274000.000,172408000.000,179891000.000,162112000.000,189368000.000,199460000.000,196977000.000,208804000.000,185953000.000,200477000.000,208677000.000,205200000.000,197155000.000
DefinedBenefitPlanCurtailments,,,,,,,,,,,,,49000.000,,,,,,
DepreciationDepletionAndAmortization,9840000.000,10037000.000,9457000.000,9670000.000,9935000.000,,9486000.000,9730000.000,10255000.000,9900000.000,10468000.000,11071000.000,11607000.000,12169000.000,11341000.000,12290000.000,12765000.000,,12190000.000
EarningsPerShareBasic,0.650,0.500,,0.680,0.590,,,0.970,0.630,,1.040,0.720,1.210,0.580,,1.030,0.630,,
EarningsPerShareBasicAndDiluted,,,-0.040,,,,-0.330,,,-0.290,,,,,-0.330,,,,-0.310
EarningsPerShareDiluted,0.630,0.480,,0.660,0.560,,,0.940,0.610,,1.010,0.690,1.170,0.550,,1.000,0.610,,
EffectiveIncomeTaxRateContinuingOperations,,,,,,,,,,0.390,,,,,,,,,0.385
ForeignCurrencyTransactionGainLossBeforeTax,,,,,,,,,,,,,,-367000.000,,,,,
GainLossOnDispositionOfAssets,163000.000,155000.000,206000.000,678000.000,219000.000,699000.000,102000.000,558000.000,501000.000,-23000.000,101000.000,188000.000,419000.000,104000.000,30000.000,479000.000,1870000.000,2285000.000,975000.000
GeneralAndAdministrativeExpense,10783000.000,11315000.000,12598000.000,11480000.000,11558000.000,12535000.000,13255000.000,11972000.000,12103000.000,13899000.000,12905000.000,12407000.000,13534000.000,13480000.000,17139000.000,14675000.000,14921000.000,15054000.000,16747000.000
IncomeLossFromContinuingOperationsBeforeIncomeTaxesMinorityInterestAndIncomeLossFromEquityMethodInvestments,14931000.000,11272000.000,-803000.000,15718000.000,13418000.000,12325000.000,-7252000.000,21984000.000,13533000.000,-6180000.000,22685000.000,15412000.000,26074000.000,13367000.000,-6616000.000,22128000.000,12879000.000,8853000.000,-6321000.000
IncomeTaxExpenseBenefit,5772000.000,4310000.000,-232000.000,6302000.000,5122000.000,4871000.000,-2640000.000,8548000.000,4889000.000,-2169000.000,8639000.000,5755000.000,10142000.000,5193000.000,-2428000.000,8819000.000,4738000.000,3831000.000,-2434000.000
IncomeTaxesPaid,,,1263000.000,,,,417000.000,,,1321000.000,,,,,748000.000,,,,2506000.000
IncreaseDecreaseInAccountsPayableAndAccruedLiabilities,,,,,,,-13074000.000,,,-11872000.000,,,,,-2677000.000,,,,-8695000.000
IncreaseDecreaseInAccountsReceivable,,,2054000.000,,,,-16907000.000,,,-3782000.000,,,,,5694000.000,,,,-1771000.000
IncreaseDecreaseInOtherOperatingCapitalNet,,,-220000.000,,,,2460000.000,,,2741000.000,,,,,2407000.000,,,,5078000.000
IncreaseDecreaseInOtherOperatingLiabilities,,,-5214000.000,,,,,,,,,,,,,,,,
IncrementalCommonSharesAttributableToShareBasedPaymentArrangements,,,,448000.000,616000.000,,428000.000,371000.000,476000.000,359000.000,350000.000,394000.000,390000.000,559000.000,462000.000,411000.000,406000.000,-832716.000,448000.000
InterestExpense,984000.000,1041000.000,703000.000,707000.000,661000.000,627000.000,623000.000,718000.000,711000.000,719000.000,706000.000,676000.000,900000.000,827000.000,965000.000,1062000.000,1159000.000,1207000.000,1257000.000
InterestPaid,,,1104000.000,,,,1054000.000,,,1060000.000,,,,,1328000.000,,,,1482000.000
InvestmentIncomeInterest,9000.000,14000.000,27000.000,29000.000,65000.000,79000.000,83000.000,78000.000,76000.000,69000.000,76000.000,56000.000,59000.000,85000.000,68000.000,60000.000,62000.000,65000.000,70000.000
NetCashProvidedByUsedInFinancingActivities,,,14773000.000,,,,4513000.000,,,23919000.000,,,,,26999000.000,,,,32565000.000
NetCashProvidedByUsedInFinancingActivitiesContinuingOperations,,,14773000.000,,,,4513000.000,,,23919000.000,,,,,26999000.000,,,,32565000.000
NetCashProvidedByUsedInInvestingActivities,,,-13130000.000,,,,-20731000.000,,,-20211000.000,,,,,-26011000.000,,,,-28772000.000
NetCashProvidedByUsedInInvestingActivitiesContinuingOperations,,,-13130000.000,,,,-20731000.000,,,-20211000.000,,,,,-26011000.000,,,,-28772000.000
NetCashProvidedByUsedInOperatingActivities,,,641000.000,,,,5992000.000,,,-5208000.000,,,,,-4909000.000,,,,-4157000.000
NetCashProvidedByUsedInOperatingActivitiesContinuingOperations,,,641000.000,,,,5992000.000,,,-5208000.000,,,,,-4909000.000,,,,-4157000.000
NetIncomeLoss,9159000.000,6962000.000,-571000.000,9416000.000,8296000.000,7454000.000,-4612000.000,13436000.000,8644000.000,-4011000.000,14046000.000,9657000.000,15932000.000,8174000.000,-4188000.000,13309000.000,8141000.000,5022000.000,-3887000.000
NumberOfReportableSegments,,,,,,,,,,2.000,,,,,2.000,,,,2.000
OperatingCostsAndExpenses,111242000.000,116157000.000,99884000.000,116472000.000,114103000.000,106873000.000,101060000.000,119592000.000,125658000.000,109231000.000,130283000.000,138991000.000,137341000.000,143173000.000,123173000.000,137132000.000,142333000.000,138848000.000,133659000.000
OperatingIncomeLoss,16567000.000,13342000.000,508000.000,17270000.000,14652000.000,13337000.000,-6009000.000,23230000.000,14881000.000,-4725000.000,23815000.000,17144000.000,27796000.000,16177000.000,-5120000.000,24286000.000,15042000.000,11163000.000,-4342000.000
OtherComprehensiveIncomeDefinedBenefitPlanNetPriorServiceCostsCreditArisingDuringPeriodNetOfTax,,,,,,,-2000.000,-2000.000,-1000.000,,,,,,,,,,
OtherComprehensiveIncomeDefinedBenefitPlansAdjustmentNetOfTaxPeriodIncreaseDecrease,,,163000.000,383000.000,162000.000,,,,,,,,,,,,,,
OtherComprehensiveIncomeDefinedBenefitPlansNetUnamortizedGainLossArisingDuringPeriodNetOfTax,,,,,,,,,,112000.000,112000.000,112000.000,215000.000,214000.000,362000.000,146000.000,146000.000,-1873000.000,157000.000
OtherComprehensiveIncomeForeignCurrencyTransactionAndTranslationAdjustmentNetOfTaxPeriodIncreaseDecrease,,,493000.000,-618000.000,1028000.000,,,,,,,,,,,,,,
OtherComprehensiveIncomeForeignCurrencyTransactionAndTranslationGainLossArisingDuringPeriodNetOfTax,,,,,,,-557000.000,-812000.000,444000.000,-974000.000,971000.000,-1263000.000,-84000.000,-1561000.000,1752000.000,245000.000,-510000.000,-743000.000,322000.000
OtherComprehensiveIncomeLossAmortizationAdjustmentFromAOCIPensionAndOtherPostretirementBenefitPlansForNetPriorServiceCostCreditNetOfTax,,,,,,,,,,2000.000,2000.000,3000.000,0.000,1000.000,0.000,0.000,0.000,-205000.000,10000.000
OtherComprehensiveIncomeLossNetOfTax,,,,,,,-340000.000,,,-862000.000,,,,,2114000.000,,,,479000.000
OtherComprehensiveIncomeLossNetOfTaxPortionAttributableToParent,,,733000.000,-235000.000,1190000.000,-2459000.000,-340000.000,-595000.000,661000.000,-862000.000,1083000.000,-1151000.000,131000.000,-1347000.000,2114000.000,391000.000,-364000.000,-909000.000,479000.000
OtherComprehensiveIncomeLossPensionAndOtherPostretirementBenefitPlansAdjustmentBeforeTax,,,,,,,-350000.000,,,-180000.000,,,,,-592000.000,,,,-253000.000
OtherComprehensiveIncomeLossPensionAndOtherPostretirementBenefitPlansAdjustmentNetOfTax,,,,,,,-217000.000,-217000.000,-217000.000,,,,,,,,,,
OtherComprehensiveIncomeLossReclassificationAdjustmentFromAOCIPensionAndOtherPostretirementBenefitPlansForNetGainLossNetOfTax,,,,,,,,,,-110000.000,-110000.000,-109000.000,-215000.000,-213000.000,-362000.000,-146000.000,-146000.000,-1258000.000,-147000.000
OtherComprehensiveIncomeLossTax,,,,,,,133000.000,,,68000.000,,,,,230000.000,,,,96000.000
OtherComprehensiveIncomeReclassificationOfDefinedBenefitPlansNetGainLossRecognizedInNetPeriodicBenefitCostNetOfTax,,,,,,,215000.000,215000.000,216000.000,,,,,,,,,,
OtherComprehensiveIncomeUnrealizedGainLossOnDerivativesArisingDuringPeriodNetOfTax,,,77000.000,0.000,0.000,0.000,0.000,0.000,0.000,,,,,,,,,,
OtherComprehensiveIncomeUnrealizedHoldingGainLossOnSecuritiesArisingDuringPeriodNetOfTax,,,,,,,-557000.000,,,-974000.000,,,,,,,,,
OtherNoncashIncomeExpense,,,,,,,,,,,,,,,1284000.000,,,,458000.000
OtherNonoperatingIncomeExpense,-661000.000,-1043000.000,-635000.000,-874000.000,-638000.000,-464000.000,-703000.000,-606000.000,-713000.000,-805000.000,-500000.000,-1112000.000,-881000.000,-2068000.000,-599000.000,-1156000.000,-1066000.000,-1168000.000,-792000.000
OtherOperatingActivitiesCashFlowStatement,,,-1197000.000,,,,-255000.000,,,-266000.000,,,,,,,,,
PaymentsForProceedsFromOtherInvestingActivities,,,-459000.000,,,,,,,,,,,,,,,,
PaymentsForRepurchaseOfCommonStock,,,2488000.000,,,,1351000.000,,,2344000.000,,,,,1726000.000,,,,2002000.000
PaymentsOfDividendsCommonStock,,,594000.000,,,,649000.000,,,633000.000,,,,,664000.000,,,,650000.000
PaymentsToAcquireBusinessesGross,,,,,,,,,,,,,,,,,,,7778000.000
PaymentsToAcquireBusinessesNetOfCashAcquired,,,0.000,,,,,,,2178000.000,,,,,0.000,,,,7452000.000
PaymentsToAcquireMachineryAndEquipment,,,13518000.000,,,,17395000.000,,,17972000.000,,,,,25786000.000,,,,21616000.000
ProceedsFromPaymentsForOtherFinancingActivities,,,-1697000.000,,,,,,,70000.000,,,,,,,,,
ProceedsFromRepaymentsOfDebt,,,16000000.000,,,,5200000.000,,,25700000.000,,,,,27000000.000,,,,33000000.000
ProceedsFromRepaymentsOfNotesPayable,,,,,,,-2760000.000,,,-3020000.000,,,,,-2169000.000,,,,-3123000.000
ProceedsFromSaleOfPropertyPlantAndEquipment,,,,,,,-846000.000,,,,,,,,59000.000,,,,1207000.000
ProceedsFromSaleOfTreasuryStock,,,3552000.000,,,,4073000.000,,,4216000.000,,,,,4558000.000,,,,5340000.000
Revenues,173953000.000,178799000.000,146644000.000,182411000.000,178647000.000,172451000.000,143265000.000,195638000.000,194772000.000,157387000.000,213183000.000,216604000.000,224773000.000,224981000.000,180833000.000,224763000.000,223719000.000,216363000.000,192813000.000
SalesRevenueNet,173953000.000,178799000.000,146644000.000,182411000.000,178647000.000,172451000.000,143265000.000,195638000.000,194772000.000,157387000.000,213183000.000,216604000.000,224773000.000,224981000.000,180833000.000,224763000.000,223719000.000,216363000.000,192813000.000
SegmentReportingInformationRevenue,,,,182411000.000,178647000.000,,143265000.000,195638000.000,194772000.000,,,,,,,,,,
SellingAndMarketingExpense,25684000.000,28103000.000,24403000.000,28197000.000,28618000.000,30360000.000,25575000.000,31672000.000,32376000.000,29059000.000,35813000.000,37179000.000,34914000.000,40086000.000,34330000.000,36859000.000,40528000.000,40389000.000,35534000.000
ShareBasedCompensationArrangementByShareBasedPaymentAwardFairValueAssumptionsExpectedDividendRate,,,,,,,,,,,,,,,0.007,,,,0.007
ShareBasedCompensationArrangementByShareBasedPaymentAwardFairValueAssumptionsRiskFreeInterestRate,,,,,,,,,,,,,,,0.021,,,,0.023
ShareBasedCompensationArrangementByShareBasedPaymentAwardFairValueAssumptionsWeightedAverageVolatilityRate,,,,,,,,,,,,,,,0.106,,,,0.103
ShareBasedCompensationArrangementByShareBasedPaymentAwardOptionsForfeituresInPeriod,,,,,,,0.000,,,0.000,,,,,4500.000,,,,31287.000
ShareBasedCompensationArrangementByShareBasedPaymentAwardOptionsGrantsInPeriod,,,,,,,0.000,,,0.000,,,,,0.000,,,,0.000
ShareBasedCompensationArrangementByShareBasedPaymentAwardPercentageOfOutstandingStockMaximum,,,,,,,,,,,,,,,0.050,,,,0.050
ShareBasedCompensationArrangementsByShareBasedPaymentAwardOptionsExercisesInPeriodWeightedAverageExercisePrice,,,,,,,8.310,,,12.440,,,,,13.180,,,,21.520
ShareBasedCompensationArrangementsByShareBasedPaymentAwardOptionsForfeituresInPeriodWeightedAverageExercisePrice,,,,,,,0.000,,,0.000,,,,,19.030,,,,25.410
ShareBasedCompensationArrangementsByShareBasedPaymentAwardOptionsGrantsInPeriodWeightedAverageExercisePrice,,,,,,,0.000,,,0.000,,,,,0.000,,,,0.000
StockIssuedDuringPeriodSharesShareBasedCompensation,,,,,,,56647.000,,,33676.000,,,,,21966.000,,,,10024.000
StockIssuedDuringPeriodSharesStockOptionsExercised,,,,,,,56647.000,,,20881.000,,,,,14250.000,,,,8925.000
StockIssuedDuringPeriodSharesTreasuryStockReissued,,,,,,,143324.000,,,130029.000,,,,,125957.000,,,,123759.000
TreasuryStockSharesAcquired,,,,,,,58373.000,,,89030.000,,,,,52823.000,,,,59518.000
WeightedAverageNumberOfDilutedSharesOutstanding,15000000.000,14582000.000,,14286000.000,14766000.000,,14335000.000,14240000.000,14255000.000,14009000.000,13880000.000,13899000.000,13665000.000,14785000.000,13409000.000,13349000.000,13322000.000,-26456323.000,13108000.000
WeightedAverageNumberOfShareOutstandingBasicAndDiluted,,,,,,,13885000.000,,,13606000.000,,,,,12878000.000,,,,12587000.000
WeightedAverageNumberOfSharesIssuedBasic,,,,,14039000.000,,13749000.000,13711000.000,13583000.000,13478000.000,13360000.000,13307000.000,13099000.000,14032000.000,12771000.000,12764000.000,12743000.000,-25588700.000,12483000.000
WeightedAverageNumberOfSharesOutstandingBasic,14000000.000,13993000.000,13863000.000,13838000.000,14133000.000,-27731634.000,13885000.000,13847000.000,13720000.000,13606000.000,13486000.000,13428000.000,13214000.000,14144000.000,12878000.000,12870000.000,12848000.000,-25489980.000,12587000.000
