,2011-11-30,2012-02-29,2012-05-31,2012-08-31,2012-11-30,2013-02-28,2013-05-31,2013-11-30,2014-02-28,2014-05-31,2014-08-31,2014-11-30,2015-03-31,2015-09-30
AllocatedShareBasedCompensationExpense,,,,,289912.000,286420.000,286182.000,216229.000,,,,,,
AmortizationOfDebtDiscountPremium,,,,,,,,,,,,,2209.000,
CashAndCashEquivalentsPeriodIncreaseDecrease,-1407384.000,,,,-1959991.000,,,-1870260.000,,,,-1924223.000,-2034385.000,
CostOfRevenue,370878.000,347613.000,450783.000,347357.000,473194.000,419381.000,716411.000,639312.000,921632.000,747919.000,630002.000,450829.000,796738.000,160548.000
DepreciationDepletionAndAmortization,37059.000,,,,37272.000,,,-30121.000,,,,-32193.000,-29577.000,
DilutiveSecuritiesEffectOnBasicEarningsPerShareOther,,,,,0.000,,,,,,,,,
DirectCostsOfLeasedAndRentedPropertyOrEquipment,2947.000,2947.000,2947.000,2947.000,2947.000,2947.000,2947.000,2947.000,2947.000,2947.000,2947.000,2947.000,1965.000,
EarningsPerShareBasic,-0.060,-0.070,-0.070,-0.070,-0.000,-0.060,-0.060,-0.040,-0.040,-0.060,-0.060,-0.050,-0.070,-0.380
EarningsPerShareDiluted,-0.060,-0.070,-0.070,-0.070,-0.000,-0.060,-0.060,-0.040,-0.040,-0.060,-0.060,-0.050,-0.070,-0.380
EmployeeServiceShareBasedCompensationUnrecognizedCompensationCostsOnNonvestedAwardsWeightedAveragePeriodOfRecognition,,,,,1.060,,,,,,,,,
GainLossOnDispositionOfAssets,,,,,,,,,,,,,2590.000,
GainLossOnSaleOfPropertyPlantEquipment,118.000,,,,,,,,,,,,,
GrossProfit,288120.000,-75730.000,200604.000,141567.000,186591.000,399878.000,600302.000,691333.000,769092.000,505270.000,423793.000,392339.000,359888.000,394966.000
IncomeLossFromContinuingOperationsBeforeIncomeTaxesExtraordinaryItemsNoncontrollingInterest,-1687405.000,-2102598.000,-2096866.000,-2072803.000,-2218664.000,-1861397.000,-1969746.000,-1512861.000,-1470103.000,-1988850.000,-2169018.000,-2032008.000,-2871587.000,-3042655.000
IncomeTaxExpenseBenefit,,,-988.000,,,,,,,,,,,-2650.000
IncomeTaxesPaid,,,,,,,,0.000,,,,,,
IncreaseDecreaseInAccountsPayable,-130524.000,,,,14590.000,,,9544.000,,,,54242.000,-417395.000,
IncreaseDecreaseInAccountsReceivable,-223563.000,,,,170244.000,,,-266923.000,,,,24058.000,-508301.000,
IncreaseDecreaseInAccruedLiabilities,-66070.000,,,,34756.000,,,157840.000,,,,20650.000,248640.000,
IncreaseDecreaseInCustomerDeposits,,,,,16270.000,,,-17097.000,,,,114.000,21842.000,
IncreaseDecreaseInDeferredRevenue,-10329.000,,,,-3318.000,,,29193.000,,,,28755.000,54218.000,
IncreaseDecreaseInInventories,57055.000,,,,-59899.000,,,-184644.000,,,,-34665.000,507394.000,
IncreaseDecreaseInOtherCurrentAssets,-23324.000,,,,16304.000,,,39074.000,,,,52509.000,-173216.000,
InterestExpense,,,,,,,,0.000,,,,,,
InterestIncomeExpenseNet,,,,,,,,,,,,,-3856.000,-26592.000
InterestPaid,,,,,,,,,,,,391.000,4240.000,
InvestmentIncomeInterest,18059.000,15970.000,13861.000,11893.000,9946.000,6720.000,7708.000,6323.000,5104.000,3623.000,7441.000,4387.000,,
NetCashProvidedByUsedInFinancingActivities,,,,,,,,,,,,,844581.000,
NetCashProvidedByUsedInFinancingActivitiesContinuingOperations,,,,,,,,,,,,,844581.000,
NetCashProvidedByUsedInInvestingActivities,-29120.000,,,,,,,,,,,,-96030.000,
NetCashProvidedByUsedInInvestingActivitiesContinuingOperations,-29120.000,,,,,,,,,,,,-96030.000,
NetCashProvidedByUsedInOperatingActivities,-1378264.000,,,,-1955831.000,,,-1858484.000,,,,-1896569.000,-2782936.000,
NetCashProvidedByUsedInOperatingActivitiesContinuingOperations,-1378264.000,,,,-1955831.000,,,-1858484.000,,,,-1896569.000,-2782936.000,
NetIncomeLoss,-1687405.000,-2102598.000,-2097854.000,-2072803.000,-2218664.000,-1861397.000,-1969746.000,-1512861.000,-1470103.000,-1988850.000,-2171018.000,-2032008.000,-2871587.000,-3045305.000
NonoperatingIncomeExpense,16045.000,13405.000,11490.000,12635.000,11261.000,3098.000,4724.000,3276.000,2411.000,-275.000,1954.000,-3255.000,-12976.000,-14774.000
OperatingExpenses,1991570.000,2040273.000,2308960.000,2227005.000,2416516.000,2264373.000,2574772.000,2207470.000,2241606.000,2493845.000,2594765.000,2421092.000,3218499.000,3422847.000
OperatingIncomeLoss,-1703450.000,-2116003.000,-2108356.000,-2085438.000,-2229925.000,-1864495.000,-1974470.000,-1516137.000,-1472514.000,-1988575.000,-2170972.000,-2028753.000,-2858611.000,-3027881.000
OperatingLeasesIncomeStatementLeaseRevenue,40650.000,34900.000,25900.000,27900.000,71900.000,46900.000,59900.000,82400.000,72900.000,112900.000,96400.000,106900.000,81300.000,55500.000
OtherCostOfOperatingRevenue,154492.000,343922.000,435656.000,310220.000,408870.000,411365.000,713383.000,628711.000,918426.000,456832.000,609952.000,316542.000,788105.000,160548.000
OtherExpenses,,,,,,,,,,,,,-9120.000,-72182.000
OtherNonoperatingIncomeExpense,-2014.000,-2565.000,-2371.000,742.000,1315.000,-3622.000,-2984.000,-3047.000,-2693.000,-3898.000,-5487.000,-7642.000,,
OtherSalesRevenueNet,317488.000,236437.000,611730.000,442524.000,517614.000,766084.000,1256583.000,1231559.000,1616076.000,764044.000,932525.000,520408.000,1064094.000,500014.000
PaymentsToAcquirePropertyPlantAndEquipment,29120.000,,,,4160.000,,,11776.000,,,,2713.000,96030.000,
ProceedsFromIssuanceOfCommonStock,,,,,,,,,,27545.000,,,,
ProceedsFromNotesPayable,,,,,,,,,,,,,844581.000,
RelatedPartyCosts,213439.000,744.000,12180.000,34190.000,61377.000,5069.000,81.000,7654.000,259.000,288140.000,17103.000,131340.000,6668.000,
RepaymentsOfNotesPayable,,,,,,,,,,,,-24941.000,,
ResearchAndDevelopmentExpense,536735.000,582611.000,641457.000,603805.000,527267.000,558691.000,607690.000,502757.000,559287.000,559568.000,607431.000,469719.000,496635.000,754296.000
RevenueFromRelatedParties,300860.000,546.000,13757.000,18500.000,70271.000,6275.000,230.000,16686.000,1748.000,376245.000,24870.000,215860.000,11232.000,0.000
Revenues,658998.000,271883.000,651387.000,488924.000,659785.000,819259.000,1316713.000,1330645.000,1690724.000,1253189.000,1053795.000,843168.000,1156626.000,555514.000
RoyaltyIncomeNonoperating,,,,,,,,,,,,,,84000.000
SalesRevenueNet,658998.000,271883.000,651387.000,488924.000,659785.000,819259.000,1316713.000,1330645.000,1690724.000,1253189.000,1053795.000,843168.000,1156626.000,555514.000
SellingGeneralAndAdministrativeExpense,1454835.000,1457662.000,1667503.000,1623200.000,1889249.000,1705682.000,1967082.000,1704713.000,1682319.000,1934277.000,1987334.000,1951373.000,2721864.000,2668551.000
ShareBasedCompensation,289055.000,,,,289912.000,,,-216229.000,-202342.000,-216288.000,-209769.000,-165105.000,-135703.000,-115309.000
ShareBasedCompensationArrangementByShareBasedPaymentAwardFairValueAssumptionsExpectedDividendRate,,,,,0.000,,,0.000,,0.000,,0.000,,
ShareBasedCompensationArrangementByShareBasedPaymentAwardFairValueAssumptionsExpectedTerm,,,,,7.400,,,,,,,,,
ShareBasedCompensationArrangementByShareBasedPaymentAwardFairValueAssumptionsExpectedVolatilityRate,,,,,0.627,,,0.644,,0.634,,0.630,0.654,
ShareBasedCompensationArrangementByShareBasedPaymentAwardFairValueAssumptionsRiskFreeInterestRate,,,,,0.010,,,0.020,,0.022,,0.021,0.019,
ShareBasedCompensationArrangementByShareBasedPaymentAwardOptionsForfeituresAndExpirationsInPeriod,,,,,,,,-230334.000,,,,-39334.000,-240001.000,
ShareBasedCompensationArrangementByShareBasedPaymentAwardOptionsForfeituresAndExpirationsInPeriodWeightedAverageExercisePrice,,,,,,,,,,,,1.780,2.270,
ShareBasedCompensationArrangementByShareBasedPaymentAwardOptionsGrantsInPeriodGross,,,,,5000.000,,,20000.000,,,,1450000.000,400000.000,
ShareBasedCompensationArrangementByShareBasedPaymentAwardOptionsGrantsInPeriodWeightedAverageGrantDateFairValue,,,,,1.100,,,0.690,,,,0.220,0.180,
ShareBasedCompensationArrangementsByShareBasedPaymentAwardOptionsForfeituresInPeriodWeightedAverageExercisePrice,,,,,,,,3.120,,,,,,
ShareBasedCompensationArrangementsByShareBasedPaymentAwardOptionsGrantsInPeriodWeightedAverageExercisePrice,,,,,,,,1.330,,,,0.460,0.360,
ShareBasedCompensationSharesAuthorizedUnderStockOptionPlansExercisePriceRangeLowerRangeLimit,,,,,2.050,,,1.300,,,,,,
ShareBasedCompensationSharesAuthorizedUnderStockOptionPlansExercisePriceRangeUpperRangeLimit,,,,,,,,1.340,,,,,0.360,
WeightedAverageNumberOfDilutedSharesOutstanding,29686000.000,29686000.000,29717000.000,-59372000.000,29778000.000,29778000.000,32042000.000,33982000.000,33982000.000,34040000.000,-67037000.000,39689000.000,39689000.000,7954000.000
WeightedAverageNumberOfSharesOutstandingBasic,29686000.000,29686000.000,29717000.000,-59372000.000,29778000.000,29778000.000,32042000.000,33982000.000,33982000.000,34040000.000,-67037000.000,39689000.000,39689000.000,7954000.000
