,2011-06-30,2011-09-30,2012-03-31,2012-06-30,2012-09-30,2012-12-31,2013-03-31,2013-06-30,2013-09-30
BusinessAcquisitionProFormaIncomeLossFromContinuingOperationsBeforeChangesInAccountingAndExtraordinaryItemsNetOfTax,,,,-526211.000,-298994.000,,-148959.000,,
CashAndCashEquivalentsPeriodIncreaseDecrease,,,-340148.000,,,,91365.000,,
CostOfGoodsAndServicesSold,6631074.000,5688389.000,3413177.000,186.000,6620.000,-3408531.000,3127.000,10597.000,3823.000
DepreciationAndAmortization,,,136169.000,,,,106178.000,,
EarningsPerShareBasicAndDiluted,,0.000,-0.010,-0.010,0.000,-0.100,0.000,-0.010,0.000
EffectOfExchangeRateOnCashAndCashEquivalents,,,401.000,,,,122.000,,
FiniteLivedIntangibleAssetsCostIncurredToRenewOrExtend,,,-1832.000,,,,,,
GainLossOnSaleOfOtherInvestments,,,,0.000,57112.000,,-432.000,,
GainLossOnSaleOfSecuritiesNet,,,,,57112.000,,,,
GeneralAndAdministrativeExpense,1119427.000,1036380.000,1271414.000,526445.000,372982.000,-251327.000,297591.000,329786.000,301040.000
GrossProfit,1523433.000,1761821.000,714642.000,100.000,19419.000,-560438.000,176748.000,10464.000,3047.000
IncomeLossFromContinuingOperations,,,,,,,,-402655.000,-382216.000
IncomeLossFromContinuingOperationsBeforeIncomeTaxesDomestic,,,,,,,-148959.000,,
IncomeLossFromContinuingOperationsBeforeInterestExpenseInterestIncomeIncomeTaxesExtraordinaryItemsNoncontrollingInterestsNet,-354805.000,-119309.000,-1384215.000,-526211.000,-298994.000,515351.000,-148959.000,-402655.000,-382216.000
IncomeLossFromDiscontinuedOperationsNetOfTax,,,,-5323043.000,833.000,,0.000,0.000,0.000
IncomeLossFromExtraordinaryItemsNetOfTaxPerBasicAndDilutedShare,0.000,,,,,,,,
IncomeTaxExpenseBenefit,25094.000,-365.000,275290.000,0.000,0.000,,,,
IncomeTaxExpenseBenefitContinuingOperations,,,,,,,0.000,,
IncomeTaxReconciliationChangeInDeferredTaxAssetsValuationAllowance,,,,,,,27915.000,,
IncomeTaxReconciliationForeignIncomeTaxRateDifferential,,,,,,,24221.000,,
IncomeTaxReconciliationNondeductibleExpenseShareBasedCompensationCost,,,,,,,0.000,,
IncreaseDecreaseInAccountsPayableAndAccruedLiabilities,,,-342707.000,,,,-69357.000,,
IncreaseDecreaseInAccountsReceivable,,,231955.000,,,,7969.000,,
IncreaseDecreaseInAccruedTaxesPayable,,,,,,,-105.000,,
IncreaseDecreaseInDeferredRevenue,,,-275290.000,,,,,,
IncreaseDecreaseInDeposits,,,296643.000,,,,196516.000,,
IncreaseDecreaseInInventories,,,283216.000,,,,1165.000,,
IncreaseDecreaseInOtherReceivables,,,10853.000,,,,,,
IncreaseDecreaseInPropertyAndOtherTaxesPayable,,,-86842.000,,,,,,
InterestExpense,-343.000,-693.000,-30229.000,0.000,0.000,,,,
InterestPaid,,,30229.000,,,,,,
InventoryWriteDown,,,376315.000,,,,,,
InvestmentIncomeInterest,1107.000,540.000,15084.000,134.000,41.000,-14909.000,35.000,26.000,10.000
NetCashProvidedByUsedInFinancingActivities,,,149479.000,,,,0.000,,
NetCashProvidedByUsedInFinancingActivitiesContinuingOperations,,,149479.000,,,,0.000,,
NetCashProvidedByUsedInInvestingActivities,,,-88674.000,,,,-105.000,,
NetCashProvidedByUsedInInvestingActivitiesContinuingOperations,,,-88674.000,,,,-105.000,,
NetCashProvidedByUsedInOperatingActivities,,,-401354.000,,,,91348.000,,
NetCashProvidedByUsedInOperatingActivitiesContinuingOperations,,,-401354.000,,,,91348.000,,
NetIncomeLoss,,,,-5849254.000,-298161.000,,-148959.000,,
OperatingExpenses,1908612.000,1997721.000,2094412.000,526445.000,375566.000,-1048601.000,388289.000,425770.000,392065.000
OperatingIncomeLoss,-385179.000,-235900.000,-1379770.000,-526345.000,-356147.000,488163.000,-211541.000,-415306.000,-389018.000
OtherComprehensiveIncomeLossTax,-209300.000,-51517.000,-1099277.000,-5902118.000,-303314.000,-364820.000,-153483.000,-424520.000,-372854.000
OtherDeferredCostAmortizationExpense,,,,,,,104079.000,,
OtherExpenses,29610.000,116744.000,10700.000,0.000,0.000,68980.000,62547.000,12625.000,6792.000
OtherGeneralAndAdministrativeExpense,,,,,,,0.000,,
OtherNoncashIncomeExpense,30374.000,116591.000,-4445.000,134.000,57153.000,27188.000,62582.000,12651.000,6802.000
OtherSellingAndMarketingExpense,,,,,,,0.000,,
ProFormaWeightedAverageSharesOutstandingDiluted,66130071.000,,,,,,,,
ProceedsFromIssuanceOfCommonStock,,,100000.000,,,,,,
ProfitLoss,-329711.000,-119674.000,-1108925.000,,,,-148959.000,-402655.000,-382216.000
ProvisionForDoubtfulAccounts,,,-9583.000,,,,1.000,,
RepaymentOfNotesReceivableFromRelatedParties,,,49479.000,,,,0.000,,
ResearchAndDevelopmentExpense,313539.000,347621.000,306592.000,0.000,0.000,,69605.000,71627.000,69845.000
Revenues,8154507.000,7450210.000,4127819.000,286.000,26039.000,-3968969.000,179875.000,21061.000,6870.000
SalesRevenueNet,8154507.000,7450210.000,4127819.000,286.000,26039.000,-3968969.000,179875.000,21061.000,6870.000
SellingAndMarketingExpense,475646.000,613720.000,516406.000,0.000,2584.000,-490682.000,21093.000,24357.000,21180.000
ShareBasedCompensationArrangementsByShareBasedPaymentAwardOptionsExercisesInPeriodWeightedAverageExercisePrice,,,,,,,0.210,0.210,0.210
TemporaryEquityForeignCurrencyTranslationAdjustments,120411.000,68157.000,9648.000,-52864.000,-5153.000,703613.000,,-21865.000,9362.000
UnrecognizedTaxBenefitsInterestOnIncomeTaxesExpense,,,,,,,0.000,,
WeightedAverageBasicSharesOutstandingProForma,,66130071.000,74430071.000,,,,,,
WeightedAverageNumberOfShareOutstandingBasicAndDiluted,,,,74480071.000,74480071.000,,56950660.000,56950660.000,56950660.000
